
@article{larson2014pause,
  title={A pause sequence enriched at translation start sites drives transcription dynamics in vivo},
  author={Larson, Matthew H and Mooney, Rachel A and Peters, Jason M and Windgassen, Tricia and Nayak, Dhananjaya and Gross, Carol A and Block, Steven M and Greenleaf, William J and Landick, Robert and Weissman, Jonathan S},
  journal={Science},
  volume={344},
  number={6187},
  pages={1042--1047},
  year={2014},
  publisher={American Association for the Advancement of Science}
}


@article{brewer2016dnest4,
  title={DNest4: Diffusive Nested Sampling in C++ and Python},
  author={Brewer, Brendon J and Foreman-Mackey, Daniel},
  journal={arXiv preprint arXiv:1606.03757},
  year={2016}
}

@book{brooks2011handbook,
  title={Handbook of markov chain monte carlo},
  author={Brooks, Steve and Gelman, Andrew and Jones, Galin and Meng, Xiao-Li},
  year={2011},
  publisher={CRC press}
}



@article{gelman1992inference,
  title={Inference from iterative simulation using multiple sequences},
  author={Gelman, Andrew and Rubin, Donald B and others},
  journal={Statistical science},
  volume={7},
  number={4},
  pages={457--472},
  year={1992},
  publisher={Institute of Mathematical Statistics}
}


@article{brooks1998general,
  title={General methods for monitoring convergence of iterative simulations},
  author={Brooks, Stephen P and Gelman, Andrew},
  journal={Journal of computational and graphical statistics},
  volume={7},
  number={4},
  pages={434--455},
  year={1998},
  publisher={Taylor \& Francis Group}
}



@article{ratmann2007using,
  title={Using likelihood-free inference to compare evolutionary dynamics of the protein networks of H. pylori and P. falciparum},
  author={Ratmann, Oliver and J{\o}rgensen, Ole and Hinkley, Trevor and Stumpf, Michael and Richardson, Sylvia and Wiuf, Carsten},
  journal={PLoS Computational Biology},
  volume={3},
  number={11},
  pages={e230},
  year={2007},
  publisher={Public Library of Science}
}


@article{wong2018structural,
  title={Structural conditions on complex networks for the Michaelis--Menten input--output response},
  author={Wong, Felix and Dutta, Annwesha and Chowdhury, Debashish and Gunawardena, Jeremy},
  journal={Proceedings of the National Academy of Sciences},
  volume={115},
  number={39},
  pages={9738--9743},
  year={2018},
  publisher={National Acad Sciences}
}


@article{feng1988hiv,
  title={HIV-1 tat trans-activation requires the loop sequence within tar},
  author={Feng, Sandy and Holland, Eric C},
  journal={Nature},
  volume={334},
  number={6178},
  pages={165},
  year={1988},
  publisher={Nature Publishing Group}
}

@article{traut1994physiological,
  title={Physiological concentrations of purines and pyrimidines},
  author={Traut, Thomas W},
  journal={Molecular and cellular biochemistry},
  volume={140},
  number={1},
  pages={1--22},
  year={1994},
  publisher={Springer}
}


@article{dangkulwanich2013complete,
  title={Complete dissection of transcription elongation reveals slow translocation of RNA polymerase II in a linear ratchet mechanism},
  author={Dangkulwanich, Manchuta and Ishibashi, Toyotaka and Liu, Shixin and Kireeva, Maria L and Lubkowska, Lucyna and Kashlev, Mikhail and Bustamante, Carlos J},
  journal={Elife},
  volume={2},
  pages={e00971},
  year={2013},
  publisher={eLife Sciences Publications Limited}
}


@article{wu2002temperature,
  title={Temperature dependence of thermodynamic properties for DNA/DNA and RNA/DNA duplex formation},
  author={Wu, Peng and Nakano, Shu-ichi and Sugimoto, Naoki},
  journal={The FEBS Journal},
  volume={269},
  number={12},
  pages={2821--2830},
  year={2002},
  publisher={Wiley Online Library}
}

@article{santalucia1998unified,
  title={A unified view of polymer, dumbbell, and oligonucleotide DNA nearest-neighbor thermodynamics},
  author={SantaLucia, John},
  journal={Proceedings of the National Academy of Sciences},
  volume={95},
  number={4},
  pages={1460--1465},
  year={1998},
  publisher={National Acad Sciences}
}

@article{lorenz2011viennarna,
  title={ViennaRNA Package 2.0},
  author={Lorenz, Ronny and Bernhart, Stephan H and Zu Siederdissen, Christian Hoener and Tafer, Hakim and Flamm, Christoph and Stadler, Peter F and Hofacker, Ivo L},
  journal={Algorithms for Molecular Biology},
  volume={6},
  number={1},
  pages={1},
  year={2011},
  publisher={BioMed Central}
}


@article{imashimizu2013intrinsic,
  title={Intrinsic translocation barrier as an initial step in pausing by RNA polymerase II},
  author={Imashimizu, Masahiko and Kireeva, Maria L and Lubkowska, Lucyna and Gotte, Deanna and Parks, Adam R and Strathern, Jeffrey N and Kashlev, Mikhail},
  journal={Journal of molecular biology},
  volume={425},
  number={4},
  pages={697--712},
  year={2013},
  publisher={Elsevier}
}



@article{artsimovitch2000pausing,
  title={Pausing by bacterial RNA polymerase is mediated by mechanistically distinct classes of signals},
  author={Artsimovitch, Irina and Landick, Robert},
  journal={Proceedings of the National Academy of Sciences},
  volume={97},
  number={13},
  pages={7090--7095},
  year={2000},
  publisher={National Acad Sciences}
}


@article{neuman2003ubiquitous,
  title={Ubiquitous transcriptional pausing is independent of RNA polymerase backtracking},
  author={Neuman, Keir C and Abbondanzieri, Elio A and Landick, Robert and Gelles, Jeff and Block, Steven M},
  journal={Cell},
  volume={115},
  number={4},
  pages={437--447},
  year={2003},
  publisher={Elsevier}
}

@article{bai2010comparison,
  title={Comparison of pause predictions of two sequence-dependent transcription models},
  author={Bai, Lu and Wang, Michelle D},
  journal={Journal of Statistical Mechanics: Theory and Experiment},
  volume={2010},
  number={12},
  pages={P12007},
  year={2010},
  publisher={IOP Publishing}
}


@article{abbondanzieri2005direct,
  title={Direct observation of base-pair stepping by RNA polymerase},
  author={Abbondanzieri, Elio A and Greenleaf, William J and Shaevitz, Joshua W and Landick, Robert and Block, Steven M},
  journal={Nature},
  volume={438},
  number={7067},
  pages={460--465},
  year={2005},
  publisher={Nature Publishing Group}
}


@article{bustamante2004mechanical,
  title={Mechanical processes in biochemistry},
  author={Bustamante, Carlos and Chemla, Yann R and Forde, Nancy R and Izhaky, David},
  journal={Annual review of biochemistry},
  volume={73},
  number={1},
  pages={705--748},
  year={2004},
  publisher={Annual Reviews 4139 El Camino Way, PO Box 10139, Palo Alto, CA 94303-0139, USA}
}


@article{jahnke2007solving,
  title={Solving the chemical master equation for monomolecular reaction systems analytically},
  author={Jahnke, Tobias and Huisinga, Wilhelm},
  journal={Journal of mathematical biology},
  volume={54},
  number={1},
  pages={1--26},
  year={2007},
  publisher={Springer}
}




@article{toulme2000grea,
  title={GreA and GreB proteins revive backtracked RNA polymerase in vivo by promoting transcript trimming},
  author={Toulm{\'e}, Francine and Mosrin-Huaman, Christine and Sparkowski, Jason and Das, Asis and Leng, Marc and Rahmouni, A Rachid},
  journal={The EMBO journal},
  volume={19},
  number={24},
  pages={6853--6859},
  year={2000},
  publisher={EMBO Press}
}


@article{hawryluk2004characterization,
  title={Characterization of a novel RNA polymerase II arrest site which lacks a weak 3' RNA--DNA hybrid},
  author={Hawryluk, Peter J and \'Ujv\'ari, Andrea and Luse, Donal S},
  journal={Nucleic acids research},
  volume={32},
  number={6},
  pages={1904--1916},
  year={2004},
  publisher={Oxford University Press}
}

@article{palangat1998transcriptional,
  title={Transcriptional pausing at+ 62 of the HIV-1 nascent RNA modulates formation of the TAR RNA structure},
  author={Palangat, Murali and Meier, Timothy I and Keene, Richard G and Landick, Robert},
  journal={Molecular cell},
  volume={1},
  number={7},
  pages={1033--1042},
  year={1998},
  publisher={Elsevier}
}

@article{xia1998thermodynamic,
  title={Thermodynamic parameters for an expanded nearest-neighbor model for formation of RNA duplexes with Watson- Crick base pairs},
  author={Xia, Tianbing and SantaLucia Jr, John and Burkard, Mark E and Kierzek, Ryszard and Schroeder, Susan J and Jiao, Xiaoqi and Cox, Christopher and Turner, Douglas H},
  journal={Biochemistry},
  volume={37},
  number={42},
  pages={14719--14735},
  year={1998},
  publisher={ACS Publications}
}




@article{palangat2001roles,
  title={Roles of RNA: DNA hybrid stability, RNA structure, and active site conformation in pausing by human RNA polymerase II1},
  author={Palangat, Murali and Landick, Robert},
  journal={Journal of molecular biology},
  volume={311},
  number={2},
  pages={265--282},
  year={2001},
  publisher={Elsevier}
}

@article{palangat2004downstream,
  title={Downstream DNA selectively affects a paused conformation of human RNA polymerase II},
  author={Palangat, Murali and Hittinger, Christopher T and Landick, Robert},
  journal={Journal of molecular biology},
  volume={341},
  number={2},
  pages={429--442},
  year={2004},
  publisher={Elsevier}
}

@article{toulokhonov2007central,
  title={A central role of the RNA polymerase trigger loop in active-site rearrangement during transcriptional pausing},
  author={Toulokhonov, Innokenti and Zhang, Jinwei and Palangat, Murali and Landick, Robert},
  journal={Molecular cell},
  volume={27},
  number={3},
  pages={406--419},
  year={2007},
  publisher={Elsevier}
}


@article{kerppola1990analysis,
  title={Analysis of the signals for transcription termination by purified RNA polymerase II},
  author={Kerppola, Tom K and Kane, Caroline M},
  journal={Biochemistry},
  volume={29},
  number={1},
  pages={269--278},
  year={1990},
  publisher={ACS Publications}
}








@article{kornblihtt2004multiple,
  title={Multiple links between transcription and splicing},
  author={Kornblihtt, Alberto R and de la Mata, Manuel and Fededa, Juan Pablo and Munoz, Manuel J and Nogues, Guadalupe},
  journal={Rna},
  volume={10},
  number={10},
  pages={1489--1498},
  year={2004},
  publisher={Cold Spring Harbor Lab}
}

@article{oesterreich2010global,
  title={Global analysis of nascent RNA reveals transcriptional pausing in terminal exons},
  author={Oesterreich, Fernando Carrillo and Preibisch, Stephan and Neugebauer, Karla M},
  journal={Molecular cell},
  volume={40},
  number={4},
  pages={571--581},
  year={2010},
  publisher={Elsevier}
}

@article{de2003slow,
  title={A slow RNA polymerase II affects alternative splicing in vivo},
  author={de la Mata, Manuel and Alonso, Claudio R and Kadener, Sebasti{\'a}n and Fededa, Juan P and Blaustein, Mat{\i}as and Pelisch, Federico and Cramer, Paula and Bentley, David and Kornblihtt, Alberto R},
  journal={Molecular cell},
  volume={12},
  number={2},
  pages={525--532},
  year={2003},
  publisher={Elsevier}
}

@article{roberts1998co,
  title={Co-transcriptional commitment to alternative splice site selection},
  author={Roberts, Gavin C and Gooding, Clare and Mak, Ho Yi and Smith, Christopher WJ and Proudfoot, Nicholas J},
  journal={Nucleic acids research},
  volume={26},
  number={24},
  pages={5568--5572},
  year={1998},
  publisher={Oxford University Press}
}

@article{wickiser2005speed,
  title={The speed of RNA transcription and metabolite binding kinetics operate an FMN riboswitch},
  author={Wickiser, J Kenneth and Winkler, Wade C and Breaker, Ronald R and Crothers, Donald M},
  journal={Molecular cell},
  volume={18},
  number={1},
  pages={49--60},
  year={2005},
  publisher={Elsevier}
}

@article{kireeva2009mechanism,
  title={Mechanism of sequence-specific pausing of bacterial RNA polymerase},
  author={Kireeva, Maria L and Kashlev, Mikhail},
  journal={Proceedings of the National Academy of Sciences},
  volume={106},
  number={22},
  pages={8900--8905},
  year={2009},
  publisher={National Acad Sciences}
}

@article{shundrovsky2004single,
  title={A single-molecule technique to study sequence-dependent transcription pausing},
  author={Shundrovsky, Alla and Santangelo, Thomas J and Roberts, Jeffrey W and Wang, Michelle D},
  journal={Biophysical journal},
  volume={87},
  number={6},
  pages={3945--3953},
  year={2004},
  publisher={Elsevier}
}

@article{saba2018elemental,
  title={The elemental mechanism of transcriptional pausing},
  author={Saba, Jason and Chua, Xien and Mishanina, Tatiana V and Nayak, Dhananjaya and Windgassen, Tricia A and Mooney, Rachel Anne and Landick, Robert},
  journal={bioRxiv},
  pages={422220},
  year={2018},
  publisher={Cold Spring Harbor Laboratory}
}

@article{cheung2011structural,
  title={Structural basis of RNA polymerase II backtracking, arrest and reactivation},
  author={Cheung, Alan CM and Cramer, Patrick},
  journal={Nature},
  volume={471},
  number={7337},
  pages={249},
  year={2011},
  publisher={Nature Publishing Group}
}

@article{maoileidigh2011unified,
  title={A unified model of transcription elongation: what have we learned from single-molecule experiments?},
  author={Maoil{\'e}idigh, D{\'a}ibhid {\'O} and Tadigotla, Vasisht R and Nudler, Evgeny and Ruckenstein, Andrei E},
  journal={Biophysical journal},
  volume={100},
  number={5},
  pages={1157--1166},
  year={2011},
  publisher={Elsevier}
}

@article{flamm2000rna,
  title={RNA folding at elementary step resolution},
  author={Flamm, Christoph and Fontana, Walter and Hofacker, Ivo L and Schuster, Peter},
  journal={Rna},
  volume={6},
  number={3},
  pages={325--338},
  year={2000},
  publisher={Cambridge University Press}
}


@article{vassylyev2007structural,
  title={Structural basis for transcription elongation by bacterial RNA polymerase},
  author={Vassylyev, Dmitry G and Vassylyeva, Marina N and Perederina, Anna and Tahirov, Tahir H and Artsimovitch, Irina},
  journal={Nature},
  volume={448},
  number={7150},
  pages={157},
  year={2007},
  publisher={Nature Publishing Group}
}


@article{gnatt2001structural,
  title={Structural basis of transcription: an RNA polymerase II elongation complex at 3.3 {\AA} resolution},
  author={Gnatt, Averell L and Cramer, Patrick and Fu, Jianhua and Bushnell, David A and Kornberg, Roger D},
  journal={Science},
  volume={292},
  number={5523},
  pages={1876--1882},
  year={2001},
  publisher={American Association for the Advancement of Science}
}


@article{nudler1997rna,
  title={The RNA--DNA hybrid maintains the register of transcription by preventing backtracking of RNA polymerase},
  author={Nudler, Evgeny and Mustaev, Arkady and Goldfarb, Alex and Lukhtanov, Evgeny},
  journal={Cell},
  volume={89},
  number={1},
  pages={33--41},
  year={1997},
  publisher={Elsevier}
}


@article{tadigotla2006thermodynamic,
  title={Thermodynamic and kinetic modeling of transcriptional pausing},
  author={Tadigotla, Vasisht R and Maoil{\'e}idigh, D{\'a}ibhid {\'O} and Sengupta, Anirvan M and Epshtein, Vitaly and Ebright, Richard H and Nudler, Evgeny and Ruckenstein, Andrei E},
  journal={Proceedings of the National Academy of Sciences of the United States of America},
  volume={103},
  number={12},
  pages={4439--4444},
  year={2006},
  publisher={National Acad Sciences}
}

@article{toulokhonov2001allosteric,
  title={Allosteric control of RNA polymerase by a site that contacts nascent RNA hairpins},
  author={Toulokhonov, Innokenti and Artsimovitch, Irina and Landick, Robert},
  journal={Science},
  volume={292},
  number={5517},
  pages={730--733},
  year={2001},
  publisher={American Association for the Advancement of Science}
}

@article{mehedi2013ebola,
  title={Ebola virus RNA editing depends on the primary editing site sequence and an upstream secondary structure},
  author={Mehedi, Masfique and Hoenen, Thomas and Robertson, Shelly and Ricklefs, Stacy and Dolan, Michael A and Taylor, Travis and Falzarano, Darryl and Ebihara, Hideki and Porcella, Stephen F and Feldmann, Heinz},
  journal={PLoS pathogens},
  volume={9},
  number={10},
  pages={e1003677},
  year={2013},
  publisher={Public Library of Science}
}

@article{lisica2016mechanisms,
  title={Mechanisms of backtrack recovery by RNA polymerases I and II},
  author={Lisica, Ana and Engel, Christoph and Jahnel, Marcus and Rold{\'a}n, {\'E}dgar and Galburt, Eric A and Cramer, Patrick and Grill, Stephan W},
  journal={Proceedings of the National Academy of Sciences},
  pages={201517011},
  year={2016},
  publisher={National Acad Sciences}
}


@article{herbert2006sequence,
  title={Sequence-resolved detection of pausing by single RNA polymerase molecules},
  author={Herbert, Kristina M and La Porta, Arthur and Wong, Becky J and Mooney, Rachel A and Neuman, Keir C and Landick, Robert and Block, Steven M},
  journal={Cell},
  volume={125},
  number={6},
  pages={1083--1094},
  year={2006},
  publisher={Elsevier}
}


@article{komissarova1997transcriptional,
  title={Transcriptional arrest: Escherichia coli RNA polymerase translocates backward, leaving the 3′ end of the RNA intact and extruded},
  author={Komissarova, Natalia and Kashlev, Mikhail},
  journal={Proceedings of the National Academy of Sciences},
  volume={94},
  number={5},
  pages={1755--1760},
  year={1997},
  publisher={National Acad Sciences}
}

@article{santangelo2004forward,
  title={Forward translocation is the natural pathway of RNA release at an intrinsic terminator},
  author={Santangelo, Thomas J and Roberts, Jeffrey W},
  journal={Molecular cell},
  volume={14},
  number={1},
  pages={117--126},
  year={2004},
  publisher={Elsevier}
}

@article{larson2008applied,
  title={Applied force reveals mechanistic and energetic details of transcription termination},
  author={Larson, Matthew H and Greenleaf, William J and Landick, Robert and Block, Steven M},
  journal={Cell},
  volume={132},
  number={6},
  pages={971--982},
  year={2008},
  publisher={Elsevier}
}

@article{yarnell1999mechanism,
  title={Mechanism of intrinsic transcription termination and antitermination},
  author={Yarnell, WS and Roberts, JW},
  journal={Science},
  volume={284},
  number={5414},
  pages={611--615},
  year={1999},
  publisher={American Association for the Advancement of Science}
}

@article{bai2004sequence,
  title={Sequence-dependent kinetic model for transcription elongation by RNA polymerase},
  author={Bai, Lu and Shundrovsky, Alla and Wang, Michelle D},
  journal={Journal of molecular biology},
  volume={344},
  number={2},
  pages={335--349},
  year={2004},
  publisher={Elsevier}
}

@article{bai2007mechanochemical,
  title={Mechanochemical kinetics of transcription elongation},
  author={Bai, Lu and Fulbright, Robert M and Wang, Michelle D},
  journal={Physical review letters},
  volume={98},
  number={6},
  pages={068103},
  year={2007},
  publisher={APS}
}

@article{bochkareva2012factor,
  title={Factor-independent transcription pausing caused by recognition of the RNA--DNA hybrid sequence},
  author={Bochkareva, Aleksandra and Yuzenkova, Yulia and Tadigotla, Vasisht R and Zenkin, Nikolay},
  journal={The EMBO journal},
  volume={31},
  number={3},
  pages={630--639},
  year={2012},
  publisher={EMBO Press}
}




@article{moler2003nineteen,
  title={Nineteen dubious ways to compute the exponential of a matrix, twenty-five years later},
  author={Moler, Cleve and Van Loan, Charles},
  journal={SIAM review},
  volume={45},
  number={1},
  pages={3--49},
  year={2003},
  publisher={SIAM}
}








@article{tarbouriech2000tetrameric,
  title={Tetrameric coiled coil domain of Sendai virus phosphoprotein},
  author={Tarbouriech, Nicolas and Curran, Joseph and Ruigrok, Rob WH and Burmeister, Wilhelm P},
  journal={Nature Structural \& Molecular Biology},
  volume={7},
  number={9},
  pages={777--781},
  year={2000},
  publisher={Nature Publishing Group}
}

@article{schnell2014validity,
  title={Validity of the Michaelis--Menten equation--steady-state or reactant stationary assumption: that is the question},
  author={Schnell, Santiago},
  journal={The FEBS journal},
  volume={281},
  number={2},
  pages={464--472},
  year={2014},
  publisher={Wiley Online Library}
}

@article{briggs1925note,
  title={A note on the kinetics of enzyme action},
  author={Briggs, George Edward and Haldane, John Burdon Sanderson},
  journal={Biochemical journal},
  volume={19},
  number={2},
  pages={338},
  year={1925},
  publisher={Portland Press Ltd}
}

@article{dangkulwanich2014molecular,
  title={Molecular mechanisms of transcription through single-molecule experiments},
  author={Dangkulwanich, Manchuta and Ishibashi, Toyotaka and Bintu, Lacramioara and Bustamante, Carlos},
  journal={Chemical reviews},
  volume={114},
  number={6},
  pages={3203--3223},
  year={2014},
  publisher={ACS Publications}
}

@article{english2006ever,
  title={Ever-fluctuating single enzyme molecules: Michaelis-Menten equation revisited},
  author={English, Brian P and Min, Wei and Van Oijen, Antoine M and Lee, Kang Taek and Luo, Guobin and Sun, Hongye and Cherayil, Binny J and Kou, SC and Xie, X Sunney},
  journal={Nature chemical biology},
  volume={2},
  number={2},
  pages={87--94},
  year={2006},
  publisher={Nature Publishing Group}
}

@article{cleland1975partition,
  title={Partition analysis and concept of net rate constants as tools in enzyme kinetics},
  author={Cleland, WW},
  journal={Biochemistry},
  volume={14},
  number={14},
  pages={3220--3224},
  year={1975},
  publisher={ACS Publications}
}


@article{kireeva2018rna,
  title={RNA--DNA and DNA--DNA base-pairing at the upstream edge of the transcription bubble regulate translocation of RNA polymerase and transcription rate},
  author={Kireeva, Maria and Trang, Cyndi and Matevosyan, Gayane and Turek-Herman, Joshua and Chasov, Vitaly and Lubkowska, Lucyna and Kashlev, Mikhail},
  journal={Nucleic acids research},
  volume={46},
  number={11},
  pages={5764--5775},
  year={2018},
  publisher={Oxford University Press}
}

@article{arnold2001kinetic,
  title={Kinetic modeling and simulation of in vitro transcription by phage T 7 RNA polymerase},
  author={Arnold, Sabine and Siemann, Martin and Scharnweber, Kai and Werner, Markus and Baumann, Sandra and Reuss, Matthias and others},
  journal={Biotechnology and bioengineering},
  volume={72},
  number={5},
  pages={548--561},
  year={2001}
}

@article{herbert2008single,
  title={Single-molecule studies of RNA polymerase: motoring along},
  author={Herbert, Kristina M and Greenleaf, William J and Block, Steven M},
  journal={Annu. Rev. Biochem.},
  volume={77},
  pages={149--176},
  year={2008},
  publisher={Annual Reviews}
}

@article{lecca2013stochastic,
  title={Stochastic chemical kinetics},
  author={Lecca, Paola},
  journal={Biophysical reviews},
  volume={5},
  number={4},
  pages={323--345},
  year={2013},
  publisher={Springer}
}


@article{sweetser1987prokaryotic,
  title={Prokaryotic and eukaryotic RNA polymerases have homologous core subunits},
  author={Sweetser, Doug and Nonet, Michael and Young, Richard A},
  journal={Proceedings of the National Academy of Sciences},
  volume={84},
  number={5},
  pages={1192--1196},
  year={1987},
  publisher={National Acad Sciences}
}

@article{sosunov2003unified,
  title={Unified two-metal mechanism of RNA synthesis and degradation by RNA polymerase},
  author={Sosunov, Vasily and Sosunova, Ekaterina and Mustaev, Arkady and Bass, Irina and Nikiforov, Vadim and Goldfarb, Alex},
  journal={The EMBO journal},
  volume={22},
  number={9},
  pages={2234--2244},
  year={2003},
  publisher={EMBO Press}
}

@article{sousa1993crystal,
  title={Crystal structure of bacteriophage T7 RNA polymerase at 3.3 {\AA} resolution},
  author={Sousa, Rui and Chung, Yong Je and Rose, John P and Wang, Bi-Cheng},
  journal={Nature},
  volume={364},
  number={6438},
  pages={593},
  year={1993},
  publisher={Nature Publishing Group}
}

@article{yu2012small,
  title={A small post-translocation energy bias aids nucleotide selection in T7 RNA polymerase transcription},
  author={Yu, Jin and Oster, George},
  journal={Biophysical journal},
  volume={102},
  number={3},
  pages={532--541},
  year={2012},
  publisher={Elsevier}
}

@article{yin2004structural,
  title={The structural mechanism of translocation and helicase activity in T7 RNA polymerase},
  author={Yin, Y Whitney and Steitz, Thomas A},
  journal={Cell},
  volume={116},
  number={3},
  pages={393--404},
  year={2004},
  publisher={Elsevier}
}

@article{thomen2005unravelling,
  title={Unravelling the mechanism of RNA-polymerase forward motion by using mechanical force},
  author={Thomen, Philippe and Lopez, Pascal J and Heslot, Fran{\c{c}}ois},
  journal={Physical Review Letters},
  volume={94},
  number={12},
  pages={128102},
  year={2005},
  publisher={APS}
}

@article{yu2012small,
  title={A small post-translocation energy bias aids nucleotide selection in T7 RNA polymerase transcription},
  author={Yu, Jin and Oster, George},
  journal={Biophysical journal},
  volume={102},
  number={3},
  pages={532--541},
  year={2012},
  publisher={Elsevier}
}

@article{yin2004structural,
  title={The structural mechanism of translocation and helicase activity in T7 RNA polymerase},
  author={Yin, Y Whitney and Steitz, Thomas A},
  journal={Cell},
  volume={116},
  number={3},
  pages={393--404},
  year={2004},
  publisher={Elsevier}
}

@article{thomen2008t7,
  title={T7 RNA polymerase studied by force measurements varying cofactor concentration},
  author={Thomen, Philippe and Lopez, PJ and Bockelmann, Ulrich and Guillerez, Jean and Dreyfus, Marc and Heslot, Fran{\c{c}}ois},
  journal={Biophysical journal},
  volume={95},
  number={5},
  pages={2423--2433},
  year={2008},
  publisher={Elsevier}
}

@article{skinner2004promoter,
  title={Promoter binding, initiation, and elongation by bacteriophage T7 RNA polymerase a single-molecule view of the transcription cycle},
  author={Skinner, Gary M and Baumann, Christoph G and Quinn, Diana M and Molloy, Justin E and Hoggett, James G},
  journal={Journal of Biological Chemistry},
  volume={279},
  number={5},
  pages={3239--3244},
  year={2004},
  publisher={ASBMB}
}

@article{schweikhard2014transcription,
  title={Transcription factors TFIIF and TFIIS promote transcript elongation by RNA polymerase II by synergistic and independent mechanisms},
  author={Schweikhard, Volker and Meng, Cong and Murakami, Kenji and Kaplan, Craig D and Kornberg, Roger D and Block, Steven M},
  journal={Proceedings of the National Academy of Sciences},
  volume={111},
  number={18},
  pages={6642--6647},
  year={2014},
  publisher={National Acad Sciences}
}

@article{kireeva2008transient,
  title={Transient reversal of RNA polymerase II active site closing controls fidelity of transcription elongation},
  author={Kireeva, Maria L and Nedialkov, Yuri A and Cremona, Gina H and Purtov, Yuri A and Lubkowska, Lucyna and Malagon, Francisco and Burton, Zachary F and Strathern, Jeffrey N and Kashlev, Mikhail},
  journal={Molecular cell},
  volume={30},
  number={5},
  pages={557--566},
  year={2008},
  publisher={Elsevier}
}

@article{larson2012trigger,
  title={Trigger loop dynamics mediate the balance between the transcriptional fidelity and speed of RNA polymerase II},
  author={Larson, Matthew H and Zhou, Jing and Kaplan, Craig D and Palangat, Murali and Kornberg, Roger D and Landick, Robert and Block, Steven M},
  journal={Proceedings of the National Academy of Sciences},
  volume={109},
  number={17},
  pages={6555--6560},
  year={2012},
  publisher={National Acad Sciences}
}

@article{shundrovsky2004single,
  title={A single-molecule technique to study sequence-dependent transcription pausing},
  author={Shundrovsky, Alla and Santangelo, Thomas J and Roberts, Jeffrey W and Wang, Michelle D},
  journal={Biophysical journal},
  volume={87},
  number={6},
  pages={3945--3953},
  year={2004},
  publisher={Elsevier}
}

@article{bonner1994characterization,
  title={Characterization of a set of T7 RNA polymerase active site mutants.},
  author={Bonner, Gary and Lafer, Eileen M and Sousa, Rui},
  journal={Journal of Biological Chemistry},
  volume={269},
  number={40},
  pages={25120--25128},
  year={1994},
  publisher={ASBMB}
}





@article{holmes2003downstream,
  title={Downstream DNA Sequence Effects on Transcription Elongation ALLOSTERIC BINDING OF NUCLEOSIDE TRIPHOSPHATES FACILITATES TRANSLOCATION VIA A RATCHET MOTION},
  author={Holmes, Shannon F and Erie, Dorothy A},
  journal={Journal of Biological Chemistry},
  volume={278},
  number={37},
  pages={35597--35608},
  year={2003},
  publisher={ASBMB}
}


@article{mejia2008thermal,
  title={Thermal probing of E. coli RNA polymerase off-pathway mechanisms},
  author={Mejia, Yara X and Mao, Hanbin and Forde, Nancy R and Bustamante, Carlos},
  journal={Journal of molecular biology},
  volume={382},
  number={3},
  pages={628--637},
  year={2008},
  publisher={Elsevier}
}

@article{anand2006transient,
  title={Transient state kinetics of transcription elongation by T7 RNA polymerase},
  author={Anand, Vasanti Subramanian and Patel, Smita S},
  journal={Journal of Biological Chemistry},
  volume={281},
  number={47},
  pages={35677--35685},
  year={2006},
  publisher={ASBMB}
}

@article{degen2014transcription,
  title={Transcription inhibition by the depsipeptide antibiotic salinamide A},
  author={Degen, David and Feng, Yu and Zhang, Yu and Ebright, Katherine Y and Ebright, Yon W and Gigliotti, Matthew and Vahedian-Movahed, Hanif and Mandal, Sukhendu and Talaue, Meliza and Connell, Nancy and others},
  journal={Elife},
  volume={3},
  pages={e02451},
  year={2014},
  publisher={eLife Sciences Publications Limited}
}

@article{voss20103v,
  title={3V: cavity, channel and cleft volume calculator and extractor},
  author={Voss, Neil R and Gerstein, Mark},
  journal={Nucleic acids research},
  volume={38},
  number={suppl\_2},
  pages={W555--W562},
  year={2010},
  publisher={Oxford University Press}
}

@article{thomen2008t7,
  title={T7 RNA polymerase studied by force measurements varying cofactor concentration},
  author={Thomen, Philippe and Lopez, PJ and Bockelmann, Ulrich and Guillerez, Jean and Dreyfus, Marc and Heslot, Fran{\c{c}}ois},
  journal={Biophysical journal},
  volume={95},
  number={5},
  pages={2423--2433},
  year={2008},
  publisher={Elsevier}
}


@article{galburt2009single,
  title={Single molecule transcription elongation},
  author={Galburt, Eric A and Grill, Stephan W and Bustamante, Carlos},
  journal={Methods},
  volume={48},
  number={4},
  pages={323--332},
  year={2009},
  publisher={Elsevier}
}

@article{bremer1996modulation,
  title={Modulation of chemical composition and other parameters of the cell by growth rate},
  author={Bremer, HDPP and Dennis, Patrick P and others},
  journal={Escherichia coli and Salmonella: cellular and molecular biology},
  volume={2},
  number={2},
  pages={1553--69},
  year={1996},
  publisher={ASM Press Washington, DC}
}

@article{iost1992bacteriophage,
  title={Bacteriophage T7 RNA polymerase travels far ahead of ribosomes in vivo.},
  author={Iost, I and Guillerez, J and Dreyfus, M},
  journal={Journal of bacteriology},
  volume={174},
  number={2},
  pages={619--622},
  year={1992},
  publisher={Am Soc Microbiol}
}


@article{hodges2009nucleosomal,
  title={Nucleosomal fluctuations govern the transcription dynamics of RNA polymerase II},
  author={Hodges, Courtney and Bintu, Lacramioara and Lubkowska, Lucyna and Kashlev, Mikhail and Bustamante, Carlos},
  journal={Science},
  volume={325},
  number={5940},
  pages={626--628},
  year={2009},
  publisher={American Association for the Advancement of Science}
}


@article{kingston2004structural,
  title={Structural basis for the attachment of a paramyxoviral polymerase to its template},
  author={Kingston, Richard L and Hamel, Damon J and Gay, Leslie S and Dahlquist, Frederick W and Matthews, Brian W},
  journal={Proceedings of the National Academy of Sciences of the United States of America},
  volume={101},
  number={22},
  pages={8301--8306},
  year={2004},
  publisher={National Acad Sciences}
}


@article{iverson1981localized,
  title={Localized attenuation and discontinuous synthesis during vesicular stomatitis virus transcription},
  author={Iverson, Linda E and Rose, John K},
  journal={Cell},
  volume={23},
  number={2},
  pages={477--484},
  year={1981},
  publisher={Elsevier}
}


@article{gubbay2001sendai,
  title={Sendai virus genome synthesis and assembly are coupled: a possible mechanism to promote viral RNA polymerase processivity},
  author={Gubbay, Oliver and Curran, Joseph and Kolakofsky, Daniel},
  journal={Journal of General Virology},
  volume={82},
  number={12},
  pages={2895--2903},
  year={2001},
  publisher={Microbiology Society}
}

@article{makarova1995transcribing,
  title={Transcribing of Escherichia coli genes with mutant T7 RNA polymerases: stability of lacZ mRNA inversely correlates with polymerase speed},
  author={Makarova, Olga V and Makarov, Evgeny M and Sousa, Rui and Dreyfus, Marc},
  journal={Proceedings of the National Academy of Sciences},
  volume={92},
  number={26},
  pages={12250--12254},
  year={1995},
  publisher={National Acad Sciences}
}

@article{mason2005distinction,
  title={Distinction and relationship between elongation rate and processivity of RNA polymerase II in vivo},
  author={Mason, Paul B and Struhl, Kevin},
  journal={Molecular cell},
  volume={17},
  number={6},
  pages={831--840},
  year={2005},
  publisher={Elsevier}
}


@article{kainov2004packaging,
  title={Packaging motor from double-stranded RNA bacteriophage $\phi$12 acts as an obligatory passive conduit during transcription},
  author={Kainov, Denis E and L{\'\i}sal, Ji{\v{r}}{\'\i} and Bamford, Dennis H and Tuma, Roman},
  journal={Nucleic acids research},
  volume={32},
  number={12},
  pages={3515--3521},
  year={2004},
  publisher={Oxford University Press}
}

@article{darzacq2007vivo,
  title={In vivo dynamics of RNA polymerase II transcription},
  author={Darzacq, Xavier and Shav-Tal, Yaron and De Turris, Valeria and Brody, Yehuda and Shenoy, Shailesh M and Phair, Robert D and Singer, Robert H},
  journal={Nature structural \& molecular biology},
  volume={14},
  number={9},
  pages={796--806},
  year={2007},
  publisher={Nature Publishing Group}
}


@article{tennyson1995human,
  title={The human dystrophin gene requires 16 hours to be transcribed and is cotranscriptionally spliced},
  author={Tennyson, Christine N and Klamut, Henry J and Worton, Ronald G},
  journal={Nature genetics},
  volume={9},
  number={2},
  pages={184--190},
  year={1995},
  publisher={Nature Publishing Group}
}

@article{shaevitz2003backtracking,
  title={Backtracking by single RNA polymerase molecules observed at near-base-pair resolution},
  author={Shaevitz, Joshua W and Abbondanzieri, Elio A and Landick, Robert and Block, Steven M},
  journal={Nature},
  volume={426},
  number={6967},
  pages={684--687},
  year={2003},
  publisher={Nature Publishing Group}
}


@article{zhou2007dissociation,
  title={Dissociation of halted T7 RNA polymerase elongation complexes proceeds via a forward-translocation mechanism},
  author={Zhou, Yi and Navaroli, Deanna M and Enuameh, Metewo Selase and Martin, Craig T},
  journal={Proceedings of the National Academy of Sciences},
  volume={104},
  number={25},
  pages={10352--10357},
  year={2007},
  publisher={National Acad Sciences}
}

@article{abbondanzieri2005picocalorimetry,
  title={Picocalorimetry of transcription by RNA polymerase},
  author={Abbondanzieri, Elio A and Shaevitz, Joshua W and Block, Steven M},
  journal={Biophysical journal},
  volume={89},
  number={6},
  pages={L61--L63},
  year={2005},
  publisher={Elsevier}
}

@article{guajardo1998ntp,
  title={NTP concentration effects on initial transcription by T7 RNAP indicate that translocation occurs through passive sliding and reveal that divergent promoters have distinct NTP concentration requirements for productive initiation},
  author={Guajardo, Richard and Lopez, Pascal and Dreyfus, Marc and Sousa, Rui},
  journal={Journal of molecular biology},
  volume={281},
  number={5},
  pages={777--792},
  year={1998},
  publisher={Elsevier}
}

@article{nedialkov2012rna,
  title={RNA polymerase stalls in a post-translocated register and can hyper-translocate},
  author={Nedialkov, Yuri A and Nudler, Evgeny and Burton, Zachary F},
  journal={Transcription},
  volume={3},
  number={5},
  pages={260--269},
  year={2012},
  publisher={Taylor \& Francis}
}



@article{galburt2007backtracking,
  title={Backtracking determines the force sensitivity of RNAP II in a factor-dependent manner},
  author={Galburt, Eric A and Grill, Stephan W and Wiedmann, Anna and Lubkowska, Lucyna and Choy, Jason and Nogales, Eva and Kashlev, Mikhail and Bustamante, Carlos},
  journal={Nature},
  volume={446},
  number={7137},
  pages={820--823},
  year={2007},
  publisher={Nature Publishing Group}
}

@article{tolic2004diversity,
  title={Diversity in the rates of transcript elongation by single RNA polymerase molecules},
  author={Toli{\'c}-N{\o}rrelykke, Simon F and Engh, Anita M and Landick, Robert and Gelles, Jeff},
  journal={Journal of Biological Chemistry},
  volume={279},
  number={5},
  pages={3292--3299},
  year={2004},
  publisher={ASBMB}
}


@techreport{rambaut2013tracer,
  title={Tracer 1.6. University of Edinburgh, Edinburgh},
  author={Rambaut, A and Drummond, A},
  year={2013},
  institution={UK. Technical report}
}

@article{davenport2000single,
  title={Single-molecule study of transcriptional pausing and arrest by E. coli RNA polymerase},
  author={Davenport, R John and Wuite, Gijs JL and Landick, Robert and Bustamante, Carlos},
  journal={Science},
  volume={287},
  number={5462},
  pages={2497},
  year={2000},
  publisher={The American Association for the Advancement of Science}
}



@book{abramowitz1964handbook,
  title={Handbook of mathematical functions: with formulas, graphs, and mathematical tables},
  author={Abramowitz, Milton and Stegun, Irene A},
  volume={55},
  year={1964},
  publisher={Courier Corporation}
}



@incollection{risken1996fokker,
  title={Fokker-planck equation},
  author={Risken, Hannes},
  booktitle={The Fokker-Planck Equation},
  pages={63--95},
  year={1996},
  publisher={Springer}
}

@article{depken2009origin,
  title={The origin of short transcriptional pauses},
  author={Depken, Martin and Galburt, Eric A and Grill, Stephan W},
  journal={Biophysical journal},
  volume={96},
  number={6},
  pages={2189--2193},
  year={2009},
  publisher={Elsevier}
}

@article{neher2004dynamics,
  title={Dynamics of force-induced DNA slippage},
  author={Neher, Richard A and Gerland, Ulrich},
  journal={Physical review letters},
  volume={93},
  number={19},
  pages={198102},
  year={2004},
  publisher={APS}
}

@article{kuhner2007force,
  title={Force-induced DNA slippage},
  author={K{\"u}hner, Ferdinand and Morfill, Julia and Neher, Richard A and Blank, Kerstin and Gaub, Hermann E},
  journal={Biophysical journal},
  volume={92},
  number={7},
  pages={2491--2497},
  year={2007},
  publisher={Elsevier}
}





@article{keene1999transcriptional,
  title={Transcriptional pause, arrest and termination sites for RNA polymerase II in mammalian N-and c-mycgenes},
  author={Keene, Richard G and Mueller, Anja and Robert, Landick and London, Lucille},
  journal={Nucleic acids research},
  volume={27},
  number={15},
  pages={3173--3182},
  year={1999},
  publisher={Oxford Univ Press}
}

@article{yarnell1999mechanism,
  title={Mechanism of intrinsic transcription termination and antitermination},
  author={Yarnell, WS and Roberts, JW},
  journal={Science},
  volume={284},
  number={5414},
  pages={611--615},
  year={1999},
  publisher={American Association for the Advancement of Science}
}

@article{flamm2002barrier,
  title={Barrier trees of degenerate landscapes},
  author={Flamm, Christoph and Hofacker, Ivo L and Stadler, Peter F and Wolfinger, Michael T},
  journal={Zeitschrift f{\"u}r Physikalische Chemie International journal of research in physical chemistry and chemical physics},
  volume={216},
  number={2/2002},
  pages={155},
  year={2002}
}

@article{dotu2010computing,
  title={Computing folding pathways between RNA secondary structures},
  author={Dotu, Ivan and Lorenz, William A and Van Hentenryck, Pascal and Clote, Peter},
  journal={Nucleic acids research},
  volume={38},
  number={5},
  pages={1711--1722},
  year={2010},
  publisher={Oxford Univ Press}
}


@article{greive2005thinking,
  title={Thinking quantitatively about transcriptional regulation},
  author={Greive, Sandra J and Von Hippel, Peter H},
  journal={Nature Reviews Molecular Cell Biology},
  volume={6},
  number={3},
  pages={221--232},
  year={2005},
  publisher={Nature Publishing Group}
}

@article{wang1998force,
  title={Force and velocity measured for single molecules of RNA polymerase},
  author={Wang, Michelle D and Schnitzer, Mark J and Yin, Hong and Landick, Robert and Gelles, Jeff and Block, Steven M},
  journal={Science},
  volume={282},
  number={5390},
  pages={902--907},
  year={1998},
  publisher={American Association for the Advancement of Science}
}

@article{geis2008folding,
  title={Folding kinetics of large RNAs},
  author={Geis, Michael and Flamm, Christoph and Wolfinger, Michael T and Tanzer, Andrea and Hofacker, Ivo L and Middendorf, Martin and Mandl, Christian and Stadler, Peter F and Thurner, Caroline},
  journal={Journal of molecular biology},
  volume={379},
  number={1},
  pages={160--173},
  year={2008},
  publisher={Elsevier}
}

@article{flamm2008beyond,
  title={Beyond energy minimization: approaches to the kinetic folding of RNA},
  author={Flamm, Christoph and Hofacker, Ivo L},
  journal={Monatshefte f{\"u}r Chemie-Chemical Monthly},
  volume={139},
  number={4},
  pages={447--457},
  year={2008},
  publisher={Springer}
}

@article{shaevitz2003backtracking,
  title={Backtracking by single RNA polymerase molecules observed at near-base-pair resolution},
  author={Shaevitz, Joshua W and Abbondanzieri, Elio A and Landick, Robert and Block, Steven M},
  journal={Nature},
  volume={426},
  number={6967},
  pages={684--687},
  year={2003},
  publisher={Nature Publishing Group}
}


@article{kunkel1988mutagenesis,
  title={Mutagenesis by transient misalignment.},
  author={Kunkel, Thomas A and Soni, Aruna},
  journal={Journal of Biological Chemistry},
  volume={263},
  number={29},
  pages={14784--14789},
  year={1988},
  publisher={ASBMB}
}

@article{efrati1997abasic,
  title={Abasic Translesion Synthesis by DNA Polymerase $\beta$ Violates the ``A-rule" NOVEL TYPES OF NUCLEOTIDE INCORPORATION BY HUMAN DNA POLYMERASE $\beta$ AT AN ABASIC LESION IN DIFFERENT SEQUENCE CONTEXTS},
  author={Efrati, Edna and Tocco, Georges and Eritja, Ramon and Wilson, Samuel H and Goodman, Myron F},
  journal={Journal of Biological Chemistry},
  volume={272},
  number={4},
  pages={2559--2569},
  year={1997},
  publisher={ASBMB}
}

@article{woodson1987proton,
  title={Proton nuclear magnetic resonance studies on bulge-containing DNA oligonucleotides from a mutational hot-spot sequence},
  author={Woodson, Sarah A and Crothers, Donald M},
  journal={Biochemistry},
  volume={26},
  number={3},
  pages={904--912},
  year={1987},
  publisher={ACS Publications}
}

@article{turner2009nndb,
  title={NNDB: the nearest neighbor parameter database for predicting stability of nucleic acid secondary structure},
  author={Turner, Douglas H and Mathews, David H},
  journal={Nucleic acids research},
  pages={gkp892},
  year={2009},
  publisher={Oxford Univ Press}
}



@article{mejia2015trigger,
  title={Trigger loop folding determines transcription rate of Escherichia coli's RNA polymerase},
  author={Mejia, Yara X and Nudler, Evgeny and Bustamante, Carlos},
  journal={Proceedings of the National Academy of Sciences},
  volume={112},
  number={3},
  pages={743--748},
  year={2015},
  publisher={National Acad Sciences}
}

@article{bebenek2003frameshift,
  title={The Frameshift Infidelity of Human DNA Polymerase $\lambda$ IMPLICATIONS FOR FUNCTION},
  author={Bebenek, Katarzyna and Garcia-Diaz, Miguel and Blanco, Luis and Kunkel, Thomas A},
  journal={Journal of Biological Chemistry},
  volume={278},
  number={36},
  pages={34685--34690},
  year={2003},
  publisher={ASBMB}
}

@inproceedings{streisinger1966frameshift,
  title={Frameshift mutations and the genetic code},
  author={Streisinger, George and Okada, Yoshimi and Emrich, Joyce and Newton, Judith and Tsugita, Akira and Terzaghi, Eric and Inouye, M},
  booktitle={Cold Spring Harbor Symposia on Quantitative Biology},
  volume={31},
  pages={77--84},
  year={1966},
  organization={Cold Spring Harbor Laboratory Press}
}


@article{tippin2004slip,
  title={To slip or skip, visualizing frameshift mutation dynamics for error-prone DNA polymerases},
  author={Tippin, Brigette and Kobayashi, Sawami and Bertram, Jeffrey G and Goodman, Myron F},
  journal={Journal of Biological Chemistry},
  volume={279},
  number={44},
  pages={45360--45368},
  year={2004},
  publisher={ASBMB}
}





@article{bai2004sequence,
  title={Sequence-dependent kinetic model for transcription elongation by RNA polymerase},
  author={Bai, Lu and Shundrovsky, Alla and Wang, Michelle D},
  journal={Journal of molecular biology},
  volume={344},
  number={2},
  pages={335--349},
  year={2004},
  publisher={Elsevier}
}

@article{svetlov2013basic,
  title={Basic mechanism of transcription by RNA polymerase II},
  author={Svetlov, Vladimir and Nudler, Evgeny},
  journal={Biochimica et Biophysica Acta (BBA)-Gene Regulatory Mechanisms},
  volume={1829},
  number={1},
  pages={20--28},
  year={2013},
  publisher={Elsevier}
}

@article{tagami2011novel,
  title={A novel conformation of RNA polymerase sheds light on the mechanism of transcription},
  author={Tagami, Shunsuke and Sekine, Shun-ichi and Yokoyama, Shigeyuki},
  journal={Transcription},
  volume={2},
  number={4},
  pages={162--167},
  year={2011},
  publisher={Taylor \& Francis}
}

@article{bar2005ratchet,
  title={A ratchet mechanism of transcription elongation and its control},
  author={Bar-Nahum, Gil and Epshtein, Vitaly and Ruckenstein, Andrei E and Rafikov, Ruslan and Mustaev, Arkady and Nudler, Evgeny},
  journal={Cell},
  volume={120},
  number={2},
  pages={183--193},
  year={2005},
  publisher={Elsevier}
}

@article{yin2004structural,
  title={The structural mechanism of translocation and helicase activity in T7 RNA polymerase},
  author={Yin, Y Whitney and Steitz, Thomas A},
  journal={Cell},
  volume={116},
  number={3},
  pages={393--404},
  year={2004},
  publisher={Elsevier}
}

@article{hausmann1999versatility,
  title={The versatility of paramyxovirus RNA polymerase stuttering},
  author={Hausmann, St{\'e}phane and Garcin, Dominique and Delenda, Christophe and Kolakofsky, Daniel},
  journal={Journal of virology},
  volume={73},
  number={7},
  pages={5568--5576},
  year={1999},
  publisher={Am Soc Microbiol}
}

@article{bar2005ratchet,
  title={A ratchet mechanism of transcription elongation and its control},
  author={Bar-Nahum, Gil and Epshtein, Vitaly and Ruckenstein, Andrei E and Rafikov, Ruslan and Mustaev, Arkady and Nudler, Evgeny},
  journal={Cell},
  volume={120},
  number={2},
  pages={183--193},
  year={2005},
  publisher={Elsevier}
}

@book{turnpenny2011emery,
  title={Emery's elements of medical genetics},
  author={Turnpenny, Peter D and Ellard, Sian},
  year={2011},
  publisher={Elsevier Health Sciences}
}

@article{abbondanzieri2005direct,
  title={Direct observation of base-pair stepping by RNA polymerase},
  author={Abbondanzieri, Elio A and Greenleaf, William J and Shaevitz, Joshua W and Landick, Robert and Block, Steven M},
  journal={Nature},
  volume={438},
  number={7067},
  pages={460--465},
  year={2005},
  publisher={Nature Publishing Group}
}

@article{bar2005ratchet,
  title={A ratchet mechanism of transcription elongation and its control},
  author={Bar-Nahum, Gil and Epshtein, Vitaly and Ruckenstein, Andrei E and Rafikov, Ruslan and Mustaev, Arkady and Nudler, Evgeny},
  journal={Cell},
  volume={120},
  number={2},
  pages={183--193},
  year={2005},
  publisher={Elsevier}
}


@article{artsimovitch2000pausing,
  title={Pausing by bacterial RNA polymerase is mediated by mechanistically distinct classes of signals},
  author={Artsimovitch, Irina and Landick, Robert},
  journal={Proceedings of the National Academy of Sciences},
  volume={97},
  number={13},
  pages={7090--7095},
  year={2000},
  publisher={National Acad Sciences}
}

@incollection{ng2008structure,
  title={Structure-function relationships among RNA-dependent RNA polymerases},
  author={Ng, Kenneth K-S and Arnold, Jamie J and Cameron, Craig E},
  booktitle={RNA Interference},
  pages={137--156},
  year={2008},
  publisher={Springer}
}

@article{kolakofsky2016paramyxovirus,
  title={Paramyxovirus RNA synthesis, mRNA editing, and genome hexamer phase: A review},
  author={Kolakofsky, Daniel},
  journal={Virology},
  volume={498},
  pages={94--98},
  year={2016},
  publisher={Elsevier}
}

@article{communie2013structure,
  title={Structure of the tetramerization domain of measles virus phosphoprotein},
  author={Communie, Guillaume and Cr{\'e}pin, Thibaut and Maurin, Damien and Jensen, Malene Ringkj{\o}bing and Blackledge, Martin and Ruigrok, Rob WH},
  journal={Journal of virology},
  volume={87},
  number={12},
  pages={7166--7169},
  year={2013},
  publisher={Am Soc Microbiol}
}

@article{cox2015paramyxovirus,
  title={The paramyxovirus polymerase complex as a target for next-generation anti-paramyxovirus therapeutics},
  author={Cox, Robert and Plemper, Richard K},
  journal={Frontiers in Microbiology},
  volume={6},
  year={2015},
  publisher={Frontiers Media SA}
}

@article{karlin2012detecting,
  title={Detecting remote sequence homology in disordered proteins: discovery of conserved motifs in the N-termini of Mononegavirales phosphoproteins},
  author={Karlin, David and Belshaw, Robert},
  journal={PLoS One},
  volume={7},
  number={3},
  year={2012},
  publisher={Public Library of Science}
}

@article{yegambaram2013protein,
  title={Protein domain definition should allow for conditional disorder},
  author={Yegambaram, Kavestri and Bulloch, Esther MM and Kingston, Richard L},
  journal={Protein Science},
  volume={22},
  number={11},
  pages={1502--1518},
  year={2013},
  publisher={Wiley Online Library}
}

@article{curran1995n,
  title={An N-terminal domain of the Sendai paramyxovirus P protein acts as a chaperone for the NP protein during the nascent chain assembly step of genome replication.},
  author={Curran, Joseph and Marq, JEAN-BAPTISTE and Kolakofsky, Daniel},
  journal={Journal of virology},
  volume={69},
  number={2},
  pages={849--855},
  year={1995},
  publisher={Am Soc Microbiol}
}

@article{habchi2012structural,
  title={Structural disorder within paramyxovirus nucleoproteins and phosphoproteins},
  author={Habchi, Johnny and Longhi, Sonia},
  journal={Molecular Biosystems},
  volume={8},
  number={1},
  pages={69--81},
  year={2012},
  publisher={Royal Society of Chemistry}
}

@article{byrappa1996sendai,
  title={Sendai virus P protein is constitutively phosphorylated at serine249: high phosphorylation potential of the P protein},
  author={Byrappa, Sridhar and Pan, Yong-Bao and Gupta, Kailash C},
  journal={Virology},
  volume={216},
  number={1},
  pages={228--234},
  year={1996},
  publisher={Elsevier}
}

@article{byrappa1999human,
  title={Human parainfluenza virus type 1 phosphoprotein is constitutively phosphorylated at Ser-120 and Ser-184.},
  author={Byrappa, Sridhar and Gupta, Kailash C},
  journal={Journal of general virology},
  volume={80},
  number={5},
  pages={1199--1209},
  year={1999},
  publisher={Soc General Microbiol}
}

@article{karlin2002n,
  title={The N-terminal domain of the phosphoprotein of morbilliviruses belongs to the natively unfolded class of proteins},
  author={Karlin, David and Longhi, Sonia and Receveur, V{\'e}ronique and Canard, Bruno},
  journal={Virology},
  volume={296},
  number={2},
  pages={251--262},
  year={2002},
  publisher={Elsevier}
}

@article{kingston2004characterization,
  title={Characterization of nucleocapsid binding by the measles virus and mumps virus phosphoproteins},
  author={Kingston, Richard L and Baase, Walter A and Gay, Leslie S},
  journal={Journal of virology},
  volume={78},
  number={16},
  pages={8630--8640},
  year={2004},
  publisher={Am Soc Microbiol}
}

@article{holmes2002phosphoprotein,
  title={The phosphoprotein (P) binding site resides in the N terminus of the L polymerase subunit of Sendai virus},
  author={Holmes, David E and Moyer, Sue A},
  journal={Journal of virology},
  volume={76},
  number={6},
  pages={3078--3083},
  year={2002},
  publisher={Am Soc Microbiol}
}
@article{kubota2005mumps,
  title={Mumps virus V protein antagonizes interferon without the complete degradation of STAT1},
  author={Kubota, Toru and Yokosawa, Noriko and Yokota, Shin-ichi and Fujii, Nobuhiro and Tashiro, Masato and Kato, Atsushi},
  journal={Journal of virology},
  volume={79},
  number={7},
  pages={4451--4459},
  year={2005},
  publisher={Am Soc Microbiol}
}

@article{takeuchi2003measles,
  title={Measles virus V protein blocks interferon (IFN)-$\alpha$/$\beta$ but not IFN-$\gamma$ signaling by inhibiting STAT1 and STAT2 phosphorylation},
  author={Takeuchi, Kaoru and Kadota, Shin-ich and Takeda, Makoto and Miyajima, Naoko and Nagata, Kyosuke},
  journal={FEBS letters},
  volume={545},
  number={2-3},
  pages={177--182},
  year={2003},
  publisher={Wiley Online Library}
}

@article{li2006structure,
  title={Structure of DDB1 in complex with a paramyxovirus V protein: viral hijack of a propeller cluster in ubiquitin ligase},
  author={Li, Ti and Chen, Xiujuan and Garbutt, Kenneth C and Zhou, Pengbo and Zheng, Ning},
  journal={Cell},
  volume={124},
  number={1},
  pages={105--117},
  year={2006},
  publisher={Elsevier}
}

@article{lo2009determination,
  title={Determination of the henipavirus phosphoprotein gene mRNA editing frequencies and detection of the C, V and W proteins of Nipah virus in virus-infected cells},
  author={Lo, Michael K and Harcourt, Brian H and Mungall, Bruce A and Tamin, Azaibi and Peeples, Mark E and Bellini, William J and Rota, Paul A},
  journal={Journal of General Virology},
  volume={90},
  number={2},
  pages={398--404},
  year={2009},
  publisher={Microbiology Society}
}

@article{horikami1996sendai,
  title={The Sendai virus V protein interacts with the NP protein to regulate viral genome RNA replication},
  author={Horikami, Sandra M and Smallwood, Sherin and Moyer, Sue A},
  journal={Virology},
  volume={222},
  number={2},
  pages={383--390},
  year={1996},
  publisher={Elsevier}
}

@article{liston1994measles,
  title={Measles virus V protein binds zinc},
  author={Liston, Peter and Briedis, Dalius J},
  journal={Virology},
  volume={198},
  number={1},
  pages={399--404},
  year={1994},
  publisher={Elsevier}
}

@article{thomas1988two,
  title={Two mRNAs that differ by two nontemplated nucleotides encode the amino coterminal proteins P and V of the paramyxovirus SV5},
  author={Thomas, Sheila M and Lamb, Robert A and Paterson, Reay G},
  journal={Cell},
  volume={54},
  number={6},
  pages={891--902},
  year={1988},
  publisher={Elsevier}
}

@article{kondo1990sequence,
  title={Sequence analysis of the phosphoprotein (P) genes of human parainfluenza type 4A and 4B viruses and RNA editing at transcript of the P genes: the number of G residues added is imprecise},
  author={Kondo, Kunio and Bando, Hisanori and Tsurudome, Masato and Kawano, Mitsuo and Nishio, Machiko and Ito, Yasuhiko},
  journal={Virology},
  volume={178},
  number={1},
  pages={321--326},
  year={1990},
  publisher={Elsevier}
}

@article{vidal1990stuttering,
  title={A stuttering model for paramyxovirus P mRNA editing.},
  author={Vidal, Silvia and Curran, Joseph and Kolakofsky, Daniel},
  journal={The EMBO journal},
  volume={9},
  number={6},
  pages={2017},
  year={1990},
  publisher={European Molecular Biology Organization}
}

@article{marsh2012cedar,
  title={Cedar virus: a novel henipavirus isolated from Australian bats},
  author={Marsh, Glenn A and De Jong, Carol and Barr, Jennifer A and Tachedjian, Mary and Smith, Craig and Middleton, Deborah and Yu, Meng and Todd, Shawn and Foord, Adam J and Haring, Volker and others},
  journal={PLoS pathogens},
  volume={8},
  number={8},
  pages={e1002836},
  year={2012},
  publisher={Public Library of Science}
}


@article{matsuoka1991p,
  title={The P gene of human parainfluenza virus type 1 encodes P and C proteins but not a cysteine-rich V protein.},
  author={Matsuoka, Y and Curran, J and Pelet, T and Kolakofsky, D and Ray, R and Compans, RW},
  journal={Journal of virology},
  volume={65},
  number={6},
  pages={3406--3410},
  year={1991},
  publisher={Am Soc Microbiol}
}

@article{chinnakannan2014different,
  title={Different functions of the common P/V/W and V-specific domains of rinderpest virus V protein in blocking IFN signalling},
  author={Chinnakannan, Senthil K and Holzer, Barbara and Bernardo, Beatriz Sanz and Nanda, Sambit K and Baron, Michael D},
  journal={Journal of General Virology},
  volume={95},
  number={1},
  pages={44--51},
  year={2014},
  publisher={Microbiology Society}
}

@article{curran1988ribosomal,
  title={Ribosomal initiation from an ACG codon in the Sendai virus P/C mRNA.},
  author={Curran, Joseph and Kolakofsky, Daniel},
  journal={The EMBO journal},
  volume={7},
  number={1},
  pages={245},
  year={1988},
  publisher={European Molecular Biology Organization}
}

@article{curran1988scanning,
  title={Scanning independent ribosomal initiation of the Sendai virus X protein.},
  author={Curran, Joseph and Kolakofsky, Daniel},
  journal={The EMBO journal},
  volume={7},
  number={9},
  pages={2869},
  year={1988},
  publisher={European Molecular Biology Organization}
}

@article{latorre1998sendai,
  title={Sendai virus Y proteins are initiated by a ribosomal shunt},
  author={Latorre, Patrizia and Kolakofsky, Daniel and Curran, Joseph},
  journal={Molecular and cellular biology},
  volume={18},
  number={9},
  pages={5021--5031},
  year={1998},
  publisher={Am Soc Microbiol}
}

@article{de2004proteolytic,
  title={Proteolytic Processing and Translation Initiation TWO INDEPENDENT MECHANISMS FOR THE EXPRESSION OF THE SENDAI VIRUS Y PROTEINS},
  author={de Breyne, Sylvain and Monney, Romaine Stalder and Curran, Joseph},
  journal={Journal of Biological Chemistry},
  volume={279},
  number={16},
  pages={16571--16580},
  year={2004},
  publisher={ASBMB}
}

@article{giorgi1983sendai,
  title={Sendai virus contains overlapping genes expressed from a single mRNA},
  author={Giorgi, Colomba and Blumberg, Benjamin M and Kolakofsky, Daniel},
  journal={Cell},
  volume={35},
  number={3},
  pages={829--836},
  year={1983},
  publisher={Elsevier}
}

@article{li2011function,
  title={Function of the small hydrophobic protein of J paramyxovirus},
  author={Li, Zhuo and Xu, Jie and Patel, Jui and Fuentes, Sandra and Lin, Yuan and Anderson, Danielle and Sakamoto, Kaori and Wang, Lin-Fa and He, Biao},
  journal={Journal of virology},
  volume={85},
  number={1},
  pages={32--42},
  year={2011},
  publisher={Am Soc Microbiol}
}

@article{elango1989mrna,
  title={mRNA sequence and deduced amino acid sequence of the mumps virus small hydrophobic protein gene.},
  author={Elango, N and K{\"o}vamees, J and Varsanyi, TM and Norrby, E},
  journal={Journal of virology},
  volume={63},
  number={3},
  pages={1413--1415},
  year={1989},
  publisher={Am Soc Microbiol}
}


@article{he1998paramyxovirus,
  title={The paramyxovirus SV5 small hydrophobic (SH) protein is not essential for virus growth in tissue culture cells},
  author={He, Biao and Leser, George P and Paterson, Reay G and Lamb, Robert A},
  journal={Virology},
  volume={250},
  number={1},
  pages={30--40},
  year={1998},
  publisher={Elsevier}
}

@article{pelet1991p,
  title={The P gene of bovine parainfluenza virus 3 expresses all three reading frames from a single mRNA editing site.},
  author={Pelet, Thierry and Curran, Joseph and Kolakofsky, Daniel},
  journal={The EMBO journal},
  volume={10},
  number={2},
  pages={443},
  year={1991},
  publisher={European Molecular Biology Organization}
}

@article{durbin1999mutations,
  title={Mutations in the C, D, and V open reading frames of human parainfluenza virus type 3 attenuate replication in rodents and primates},
  author={Durbin, Anna P and McAuliffe, Josephine M and Collins, Peter L and Murphy, Brian R},
  journal={Virology},
  volume={261},
  number={2},
  pages={319--330},
  year={1999},
  publisher={Elsevier}
}


@article{liston1995ribosomal,
  title={Ribosomal frameshifting during translation of measles virus P protein mRNA is capable of directing synthesis of a unique protein.},
  author={Liston, Peter and Briedis, Dalius J},
  journal={Journal of virology},
  volume={69},
  number={11},
  pages={6742--6750},
  year={1995},
  publisher={Am Soc Microbiol}
}

@article{keese1992origins,
  title={Origins of genes:" big bang" or continuous creation?},
  author={Keese, Paul K and Gibbs, Adrian},
  journal={Proceedings of the National Academy of Sciences},
  volume={89},
  number={20},
  pages={9489--9493},
  year={1992},
  publisher={National Acad Sciences}
}


@article{gitlin2014rapid,
  title={Rapid evolution of virus sequences in intrinsically disordered protein regions},
  author={Gitlin, Leonid and Hagai, Tzachi and LaBarbera, Anthony and Solovey, Mark and Andino, Raul},
  journal={PLoS Pathog},
  volume={10},
  number={12},
  pages={e1004529},
  year={2014},
  publisher={Public Library of Science}
}

@article{rancurel2009overlapping,
  title={Overlapping genes produce proteins with unusual sequence properties and offer insight into de novo protein creation},
  author={Rancurel, Corinne and Khosravi, Mahvash and Dunker, A Keith and Romero, Pedro R and Karlin, David},
  journal={Journal of virology},
  volume={83},
  number={20},
  pages={10719--10736},
  year={2009},
  publisher={Am Soc Microbiol}
}


@article{communie2013atomic,
  title={Atomic resolution description of the interaction between the nucleoprotein and phosphoprotein of Hendra virus},
  author={Communie, Guillaume and Habchi, Johnny and Yabukarski, Filip and Blocquel, David and Schneider, Robert and Tarbouriech, Nicolas and Papageorgiou, Nicolas and Ruigrok, RW and Jamin, Marc and Jensen, Malene Ringkj{\o}bing and others},
  journal={PLoS Pathog},
  volume={9},
  number={9},
  pages={e1003631},
  year={2013}
}


@article{mehedi2011new,
  title={A new Ebola virus nonstructural glycoprotein expressed through RNA editing},
  author={Mehedi, Masfique and Falzarano, Darryl and Seebach, Jochen and Hu, Xiaojie and Carpenter, Michael S and Schnittler, Hans-Joachim and Feldmann, Heinz},
  journal={Journal of virology},
  volume={85},
  number={11},
  pages={5406--5414},
  year={2011},
  publisher={Am Soc Microbiol}
}

@article{brown2002evolutionary,
  title={Evolutionary rate heterogeneity in proteins with long disordered regions},
  author={Brown, Celeste J and Takayama, Sachiko and Campen, Andrew M and Vise, Pam and Marshall, Thomas W and Oldfield, Christopher J and Williams, Christopher J and Keith Dunker, A},
  journal={Journal of molecular evolution},
  volume={55},
  number={1},
  pages={104--110},
  year={2002},
  publisher={Springer}
}

@article{kovacs2010dual,
  title={Dual coding in alternative reading frames correlates with intrinsic protein disorder},
  author={Kovacs, Erika and Tompa, Peter and Liliom, Karoly and Kalmar, Lajos},
  journal={Proceedings of the National Academy of Sciences},
  volume={107},
  number={12},
  pages={5429--5434},
  year={2010},
  publisher={National Acad Sciences}
}



@article{curran1991sendai,
  title={The Sendai virus P gene expresses both an essential protein and an inhibitor of RNA synthesis by shuffling modules via mRNA editing.},
  author={Curran, Joseph and Boeck, Ronald and Kolakofsky, Daniel},
  journal={The EMBO journal},
  volume={10},
  number={10},
  pages={3079},
  year={1991},
  publisher={European Molecular Biology Organization}
}

@article{patterson2000v,
  title={V and C proteins of measles virus function as virulence factors in vivo},
  author={Patterson, John B and Thomas, Diane and Lewicki, Hanna and Billeter, Martin A and Oldstone, Michael BA},
  journal={Virology},
  volume={267},
  number={1},
  pages={80--89},
  year={2000},
  publisher={Elsevier}
}

@article{herzog1995translation,
  title={Translation of the second gene of peanut clump virus RNA 2 occurs by leaky scanning in vitro},
  author={Herzog, Etienne and Guilley, Hubert and Fritsch, Christiane},
  journal={Virology},
  volume={208},
  number={1},
  pages={215--225},
  year={1995},
  publisher={Elsevier}
}

@article{woo2014fatal,
  title={Fatal systemic necrotizing infections associated with a novel paramyxovirus, anaconda paramyxovirus, in green anaconda juveniles},
  author={Woo, Patrick CY and Lau, Susanna KP and Martelli, Paolo and Hui, Suk-Wai and Lau, Candy CY and Fan, Rachel YY and Groff, Joseph M and Tam, Emily WT and Chan, Kwok-Hung and Yuen, Kwok-Yung},
  journal={Journal of clinical microbiology},
  volume={52},
  number={10},
  pages={3614--3623},
  year={2014},
  publisher={Am Soc Microbiol}
}

@article{kurath2004complete,
  title={Complete genome sequence of Fer-de-Lance virus reveals a novel gene in reptilian paramyxoviruses},
  author={Kurath, Gael and Batts, William N and Ahne, Winfried and Winton, James R},
  journal={Journal of virology},
  volume={78},
  number={4},
  pages={2045--2056},
  year={2004},
  publisher={Am Soc Microbiol}
}

@article{shaffer2003c,
  title={The C protein of measles virus inhibits the type I interferon response},
  author={Shaffer, Jessica A and Bellini, William J and Rota, Paul A},
  journal={Virology},
  volume={315},
  number={2},
  pages={389--397},
  year={2003},
  publisher={Elsevier}
}


@article{sleeman2008c,
  title={The C, V and W proteins of Nipah virus inhibit minigenome replication},
  author={Sleeman, Katrina and Bankamp, Bettina and Hummel, Kimberly B and Lo, Michael K and Bellini, William J and Rota, Paul A},
  journal={Journal of General Virology},
  volume={89},
  number={5},
  pages={1300--1308},
  year={2008},
  publisher={Microbiology Society}
}

@article{magoffin2007genetic,
  title={Genetic analysis of J-virus and Beilong virus using minireplicons},
  author={Magoffin, Danielle E and Mackenzie, John S and Wang, Lin-Fa},
  journal={Virology},
  volume={364},
  number={1},
  pages={103--111},
  year={2007},
  publisher={Elsevier}
}

@article{lo2012distinct,
  title={Distinct and overlapping roles of Nipah virus P gene products in modulating the human endothelial cell antiviral response},
  author={Lo, Michael K and Peeples, Mark E and Bellini, William J and Nichol, Stuart T and Rota, Paul A and Spiropoulou, Christina F},
  journal={PloS one},
  volume={7},
  number={10},
  pages={e47790},
  year={2012},
  publisher={Public Library of Science}
}

@article{horie2016region,
  title={Region of Nipah virus C protein responsible for shuttling between the cytoplasm and nucleus},
  author={Horie, Ryo and Yoneda, Misako and Uchida, Shotaro and Sato, Hiroki and Kai, Chieko},
  journal={Virology},
  volume={497},
  pages={294--304},
  year={2016},
  publisher={Elsevier}
}

@article{lo2014evolution,
  title={Evolution and structural organization of the C proteins of paramyxovirinae},
  author={Lo, Michael K and S{\o}gaard, Teit Max and Karlin, David G},
  journal={PloS one},
  volume={9},
  number={2},
  pages={e90003},
  year={2014},
  publisher={Public Library of Science}
}

@article{bartlett2008human,
  title={Human parainfluenza virus type 1 C proteins are nonessential proteins that inhibit the host interferon and apoptotic responses and are required for efficient replication in nonhuman primates},
  author={Bartlett, Emmalene J and Cruz, Ann-Marie and Esker, Janice and Casta{\~n}o, Adam and Schomacker, Henrick and Surman, Sonja R and Hennessey, Margaret and Boonyaratanakornkit, Jim and Pickles, Raymond J and Collins, Peter L and others},
  journal={Journal of virology},
  volume={82},
  number={18},
  pages={8965--8977},
  year={2008},
  publisher={Am Soc Microbiol}
}

@article{kurotani1998sendai,
  title={Sendai virus C proteins are categorically nonessential gene products but silencing their expression severely impairs viral replication and pathogenesis},
  author={Kurotani, Atsushi and Kiyotani, Katsuhiro and Kato, Atsushi and Shioda, Tatsuo and Sakai, Yuko and Mizumoto, Kiyohisa and Yoshida, Tetsuya and Nagai, Yoshiyuki},
  journal={Genes to cells},
  volume={3},
  number={2},
  pages={111--124},
  year={1998},
  publisher={Wiley Online Library}
}

@article{shaw2005nuclear,
  title={Nuclear localization of the Nipah virus W protein allows for inhibition of both virus-and toll-like receptor 3-triggered signaling pathways},
  author={Shaw, Megan L and Cardenas, Washington B and Zamarin, Dmitriy and Palese, Peter and Basler, Christopher F},
  journal={Journal of virology},
  volume={79},
  number={10},
  pages={6078--6088},
  year={2005},
  publisher={Am Soc Microbiol}
}

@article{wang2007full,
  title={Full-length genome sequence and genetic relationship of two paramyxoviruses isolated from bat and pigs in the Americas},
  author={Wang, L-F and Hansson, E and Yu, M and Chua, KB and Mathe, N and Crameri, G and Rima, BK and Moreno-Lopez, J and Eaton, BT},
  journal={Archives of virology},
  volume={152},
  number={7},
  pages={1259--1271},
  year={2007},
  publisher={Springer}
}

@article{cuevas2016molecular,
  title={Molecular characterisation of Porcine rubulavirus (PorPV) isolates from different outbreaks in Mexico},
  author={Cuevas-Romero, S},
  journal={Virus genes},
  volume={52},
  number={1},
  pages={81--90},
  year={2016},
  publisher={Springer}
}

@article{hausmann1999versatility,
  title={The versatility of paramyxovirus RNA polymerase stuttering},
  author={Hausmann, Stephane and Garcin, Dominique and Delenda, Christophe and Kolakofsky, Daniel},
  journal={Journal of virology},
  volume={73},
  number={7},
  pages={5568--5576},
  year={1999},
  publisher={Am Soc Microbiol}
}


@article{wagner1990transcriptional,
  title={Transcriptional slippage occurs during elongation at runs of adenine or thymine in Escherichia coli},
  author={Wagner, Lori A and Weiss, Robert B and Driscoll, Robert and Dunn, Diane S and Gesteland, Ray F},
  journal={Nucleic acids research},
  volume={18},
  number={12},
  pages={3529--3535},
  year={1990},
  publisher={Oxford Univ Press}
}

@article{olspert2015transcriptional,
  title={Transcriptional slippage in the positive-sense RNA virus family Potyviridae},
  author={Olspert, Allan and Chung, Betty Y-W and Atkins, John F and Carr, John P and Firth, Andrew E},
  journal={EMBO reports},
  volume={16},
  number={8},
  pages={995--1004},
  year={2015},
  publisher={EMBO Press}
}

@incollection{whelan2004transcription,
  title={Transcription and replication of nonsegmented negative-strand RNA viruses},
  author={Whelan, SPJ and Barr, JN and Wertz, GW},
  booktitle={Biology of Negative Strand RNA Viruses: The Power of Reverse Genetics},
  pages={61--119},
  year={2004},
  publisher={Springer}
}

@article{li2008conserved,
  title={A conserved motif in region v of the large polymerase proteins of nonsegmented negative-sense RNA viruses that is essential for mRNA capping},
  author={Li, Jianrong and Rahmeh, Amal and Morelli, Marco and Whelan, Sean PJ},
  journal={Journal of virology},
  volume={82},
  number={2},
  pages={775--784},
  year={2008},
  publisher={Am Soc Microbiol}
}

@article{galloway2008s,
  title={S-adenosyl homocysteine-induced hyperpolyadenylation of vesicular stomatitis virus mRNA requires the methyltransferase activity of L protein},
  author={Galloway, Summer E and Wertz, Gail W},
  journal={Journal of virology},
  volume={82},
  number={24},
  pages={12280--12290},
  year={2008},
  publisher={Am Soc Microbiol}
}

@article{zheng1999influenza,
  title={Influenza A virus RNA polymerase has the ability to stutter at the polyadenylation site of a viral RNA template during RNA replication},
  author={Zheng, Hongyong and Lee, Hye Annie and Palese, Peter and Garcia-Sastre, Adolfo},
  journal={Journal of virology},
  volume={73},
  number={6},
  pages={5240--5243},
  year={1999},
  publisher={Am Soc Microbiol}
}

@article{kingston2004structural,
  title={Structural basis for the attachment of a paramyxoviral polymerase to its template},
  author={Kingston, Richard L and Hamel, Damon J and Gay, Leslie S and Dahlquist, Frederick W and Matthews, Brian W},
  journal={Proceedings of the National Academy of Sciences of the United States of America},
  volume={101},
  number={22},
  pages={8301--8306},
  year={2004},
  publisher={National Acad Sciences}
}

@article{colgan1997mechanism,
  title={Mechanism and regulation of mRNA polyadenylation},
  author={Colgan, Diana F and Manley, James L},
  journal={Genes \& development},
  volume={11},
  number={21},
  pages={2755--2766},
  year={1997},
  publisher={Cold Spring Harbor Lab}
}

@article{wilson2006function,
  title={Function of small hydrophobic proteins of paramyxovirus},
  author={Wilson, Rebecca L and Fuentes, Sandra M and Wang, Ping and Taddeo, Erica C and Klatt, Alicia and Henderson, Andrew J and He, Biao},
  journal={Journal of virology},
  volume={80},
  number={4},
  pages={1700--1709},
  year={2006},
  publisher={Am Soc Microbiol}
}

@article{jack2005complete,
  title={The complete genome sequence of J virus reveals a unique genome structure in the family Paramyxoviridae},
  author={Jack, Philippa JM and Boyle, David B and Eaton, Bryan T and Wang, Lin-Fa},
  journal={Journal of virology},
  volume={79},
  number={16},
  pages={10690--10700},
  year={2005},
  publisher={Am Soc Microbiol}
}

@article{krogh2001predicting,
  title={Predicting transmembrane protein topology with a hidden Markov model: application to complete genomes},
  author={Krogh, Anders and Larsson, Bjo{\`E}rn and Von Heijne, Gunnar and Sonnhammer, Erik LL},
  journal={Journal of molecular biology},
  volume={305},
  number={3},
  pages={567--580},
  year={2001},
  publisher={Elsevier}
}

@article{noton2015initiation,
  title={Initiation and regulation of paramyxovirus transcription and replication},
  author={Noton, Sarah L and Fearns, Rachel},
  journal={Virology},
  volume={479},
  pages={545--554},
  year={2015},
  publisher={Elsevier}
}


@article{nayak2008molecular,
  title={Molecular characterization and complete genome sequence of avian paramyxovirus type 4 prototype strain duck/Hong Kong/D3/75},
  author={Nayak, Baibaswata and Kumar, Sachin and Collins, Peter L and Samal, Siba K},
  journal={Virology journal},
  volume={5},
  number={1},
  pages={1},
  year={2008},
  publisher={BioMed Central}
}

@article{mebatsion2001recombinant,
  title={A recombinant Newcastle disease virus with low-level V protein expression is immunogenic and lacks pathogenicity for chicken embryos},
  author={Mebatsion, Teshome and Verstegen, Stefan and De Vaan, Leonarda TC and R{\"o}mer-Oberd{\"o}rfer, Angela and Schrier, Carla C},
  journal={Journal of virology},
  volume={75},
  number={1},
  pages={420--428},
  year={2001},
  publisher={Am Soc Microbiol}
}

@article{huang2003newcastle,
  title={Newcastle disease virus V protein is associated with viral pathogenesis and functions as an alpha interferon antagonist},
  author={Huang, Zhuhui and Krishnamurthy, Sateesh and Panda, Aruna and Samal, Siba K},
  journal={Journal of virology},
  volume={77},
  number={16},
  pages={8676--8685},
  year={2003},
  publisher={Am Soc Microbiol}
}


@article{lau2010identification,
  title={Identification and complete genome analysis of three novel paramyxoviruses, Tuhoko virus 1, 2 and 3, in fruit bats from China},
  author={Lau, Susanna KP and Woo, Patrick CY and Wong, Beatrice HL and Wong, Annette YP and Tsoi, Hoi-Wah and Wang, Ming and Lee, Paul and Xu, Huifang and Poon, Rosana WS and Guo, Rongtong and others},
  journal={Virology},
  volume={404},
  number={1},
  pages={106--116},
  year={2010},
  publisher={Elsevier}
}

@article{bowden2001molecular,
  title={Molecular characterization of Menangle virus, a novel paramyxovirus which infects pigs, fruit bats, and humans},
  author={Bowden, Timothy R and Westenberg, Marcel and Wang, Lin-Fa and Eaton, Bryan T and Boyle, David B},
  journal={Virology},
  volume={283},
  number={2},
  pages={358--373},
  year={2001},
  publisher={Elsevier}
}


@article{chua2001tioman,
  title={Tioman virus, a novel paramyxovirus isolated from fruit bats in Malaysia},
  author={Chua, Kaw Bing and Wang, Lin-Fa and Lam, Sai Kit and Crameri, Gary and Yu, Meng and Wise, Terry and Boyle, David and Hyatt, Alex D and Eaton, Bryan T},
  journal={Virology},
  volume={283},
  number={2},
  pages={215--229},
  year={2001},
  publisher={Elsevier}
}

@article{kondo1990sequence,
  title={Sequence analysis of the phosphoprotein (P) genes of human parainfluenza type 4A and 4B viruses and RNA editing at transcript of the P genes: the number of G residues added is imprecise},
  author={Kondo, Kunio and Bando, Hisanori and Tsurudome, Masato and Kawano, Mitsuo and Nishio, Machiko and Ito, Yasuhiko},
  journal={Virology},
  volume={178},
  number={1},
  pages={321--326},
  year={1990},
  publisher={Elsevier}
}


@article{ohgimoto1990sequence,
  title={Sequence analysis of P gene of human parainfluenza type 2 virus: P and cysteine-rich proteins are translated by two mRNAs that differ by two nontemplated G residues},
  author={Ohgimoto, Shinji and Bando, Hisanori and Kawano, Mitsuo and Okamoto, Kousuke and Kondo, Kunio and Tsurudome, Masato and Nishio, Machiko and Ito, Yasuhiko},
  journal={Virology},
  volume={177},
  number={1},
  pages={116--123},
  year={1990},
  publisher={Elsevier}
}


@article{kawano1993sequence,
  title={Sequence determination of the P gene of simian virus 41: presence of irregular deletions near the RNA-editing sites of paramyxoviruses},
  author={Kawano, Mitsuo and Tsurudome, Masato and Oki, Naohiro and Nishio, Machiko and Komada, Hiroshi and Matsumura, Haruo and Kusagawa, Shigeru and Ohta, Hisataka and Ito, Yasuhiko},
  journal={Journal of general virology},
  volume={74},
  number={5},
  pages={911--916},
  year={1993},
  publisher={Microbiology Society}
}

@article{thomas1988two,
  title={Two mRNAs that differ by two nontemplated nucleotides encode the amino coterminal proteins P and V of the paramyxovirus SV5},
  author={Thomas, Sheila M and Lamb, Robert A and Paterson, Reay G},
  journal={Cell},
  volume={54},
  number={6},
  pages={891--902},
  year={1988},
  publisher={Elsevier}
}

@article{li2006structure,
  title={Structure of DDB1 in complex with a paramyxovirus V protein: viral hijack of a propeller cluster in ubiquitin ligase},
  author={Li, Ti and Chen, Xiujuan and Garbutt, Kenneth C and Zhou, Pengbo and Zheng, Ning},
  journal={Cell},
  volume={124},
  number={1},
  pages={105--117},
  year={2006},
  publisher={Elsevier}
}

@article{takeuchi1990detection,
  title={Detection and characterization of mumps virus V protein},
  author={Takeuchi, Kaoru and Tanabayashi, Kiyoshi and Hishiyama, Michiko and Yamada, Yasuko K and Yamada, Akio and Sugiura, Akira},
  journal={Virology},
  volume={178},
  number={1},
  pages={247--253},
  year={1990},
  publisher={Elsevier}
}

@article{paterson1990rna,
  title={RNA editing by G-nucleotide insertion in mumps virus P-gene mRNA transcripts.},
  author={Paterson, REAY G and Lamb, ROBERT A},
  journal={Journal of virology},
  volume={64},
  number={9},
  pages={4137--4145},
  year={1990},
  publisher={Am Soc Microbiol}
}



@article{kingston2008structure,
  title={Structure of the nucleocapsid-binding domain from the mumps virus polymerase; an example of protein folding induced by crystallization},
  author={Kingston, Richard L and Gay, Leslie S and Baase, Walter S and Matthews, Brian W},
  journal={Journal of molecular biology},
  volume={379},
  number={4},
  pages={719--731},
  year={2008},
  publisher={Elsevier}
}

@article{hagmaier2007mapuera,
  title={Mapuera virus, a rubulavirus that inhibits interferon signalling in a wide variety of mammalian cells without degrading STATs},
  author={Hagmaier, K and Stock, N and Precious, B and Childs, K and Wang, L-F and Goodbourn, S and Randall, RE},
  journal={Journal of general virology},
  volume={88},
  number={3},
  pages={956--966},
  year={2007},
  publisher={Microbiology Society}
}

@article{falk2008molecular,
  title={Molecular characterisation of Atlantic salmon paramyxovirus (ASPV): a novel paramyxovirus associated with proliferative gill inflammation},
  author={Falk, K and Batts, WN and Kvellestad, A and Kurath, G and Wiik-Nielsen, J and Winton, JR},
  journal={Virus research},
  volume={133},
  number={2},
  pages={218--227},
  year={2008},
  publisher={Elsevier}
}


@article{matsuoka1991p,
  title={The P gene of human parainfluenza virus type 1 encodes P and C proteins but not a cysteine-rich V protein.},
  author={Matsuoka, Y and Curran, J and Pelet, T and Kolakofsky, D and Ray, R and Compans, RW},
  journal={Journal of virology},
  volume={65},
  number={6},
  pages={3406--3410},
  year={1991},
  publisher={Am Soc Microbiol}
}

@article{blanchard2004structure,
  title={Structure and dynamics of the nucleocapsid-binding domain of the Sendai virus phosphoprotein in solution},
  author={Blanchard, Laurence and Tarbouriech, Nicolas and Blackledge, Martin and Timmins, Peter and Burmeister, Wilhelm P and Ruigrok, Rob WH and Marion, Dominique},
  journal={Virology},
  volume={319},
  number={2},
  pages={201--211},
  year={2004},
  publisher={Elsevier}
}

@article{tarbouriech2000tetrameric,
  title={Tetrameric coiled coil domain of Sendai virus phosphoprotein},
  author={Tarbouriech, Nicolas and Curran, Joseph and Ruigrok, Rob WH and Burmeister, Wilhelm P},
  journal={Nature Structural \& Molecular Biology},
  volume={7},
  number={9},
  pages={777--781},
  year={2000},
  publisher={Nature Publishing Group}
}

@article{cox2013structural,
  title={Structural and functional characterization of the mumps virus phosphoprotein},
  author={Cox, Robert and Green, Todd J and Purushotham, Sangeetha and Deivanayagam, Champion and Bedwell, Gregory J and Prevelige, Peter E and Luo, Ming},
  journal={Journal of virology},
  volume={87},
  number={13},
  pages={7558--7568},
  year={2013},
  publisher={Am Soc Microbiol}
}


@article{dillon1989expression,
  title={Expression of five proteins from the Sendai virus P/C mRNA in infected cells.},
  author={Dillon, PATRICK J and Gupta, KAILASH C},
  journal={Journal of virology},
  volume={63},
  number={2},
  pages={974--977},
  year={1989},
  publisher={Am Soc Microbiol}
}

@article{kato1997paramyxovirus,
  title={The paramyxovirus, Sendai virus, V protein encodes a luxury function required for viral pathogenesis},
  author={Kato, Atsushi and Kiyotani, Katsuhiro and Sakai, Yuko and Yoshida, Tetsuya and Nagai, Yoshiyuki},
  journal={The EMBO journal},
  volume={16},
  number={3},
  pages={578--587},
  year={1997},
  publisher={EMBO Press}
}

@article{lau2013identification,
  title={Identification and characterization of a novel paramyxovirus, porcine parainfluenza virus 1, from deceased pigs},
  author={Lau, Susanna KP and Woo, Patrick CY and Wu, Ying and Wong, Annette YP and Wong, Beatrice HL and Lau, Candy CY and Fan, Rachel YY and Cai, Jian-Piao and Tsoi, Hoi-Wah and Chan, Kwok-Hung and others},
  journal={Journal of General Virology},
  volume={94},
  number={10},
  pages={2184--2190},
  year={2013},
  publisher={Microbiology Society}
}


@article{kurath2004complete,
  title={Complete genome sequence of Fer-de-Lance virus reveals a novel gene in reptilian paramyxoviruses},
  author={Kurath, Gael and Batts, William N and Ahne, Winfried and Winton, James R},
  journal={Journal of virology},
  volume={78},
  number={4},
  pages={2045--2056},
  year={2004},
  publisher={Am Soc Microbiol}
}

@article{andrejeva2004v,
  title={The V proteins of paramyxoviruses bind the IFN-inducible RNA helicase, mda-5, and inhibit its activation of the IFN-$\beta$ promoter},
  author={Andrejeva, J and Childs, KS and Young, DF and Carlos, TS and Stock, N and Goodbourn, S and Randall, RE},
  journal={Proceedings of the National Academy of Sciences of the United States of America},
  volume={101},
  number={49},
  pages={17264--17269},
  year={2004},
  publisher={National Acad Sciences}
}


@article{bruhn2014crystal,
  title={Crystal structure of the Nipah virus phosphoprotein tetramerization domain},
  author={Bruhn, Jessica F and Barnett, Katherine C and Bibby, Jaclyn and Thomas, Jens MH and Keegan, Ronan M and Rigden, Daniel J and Bornholdt, Zachary A and Saphire, Erica Ollmann},
  journal={Journal of virology},
  volume={88},
  number={1},
  pages={758--762},
  year={2014},
  publisher={Am Soc Microbiol}
}

@article{li2006beilong,
  title={Beilong virus, a novel paramyxovirus with the largest genome of non-segmented negative-stranded RNA viruses},
  author={Li, Zhuo and Yu, Meng and Zhang, Hong and Magoffin, Danielle E and Jack, Philippa JM and Hyatt, Alex and Wang, Hai-Yan and Wang, Lin-Fa},
  journal={Virology},
  volume={346},
  number={1},
  pages={219--228},
  year={2006},
  publisher={Elsevier}
}


@article{magoffin2007genetic,
  title={Genetic analysis of J-virus and Beilong virus using minireplicons},
  author={Magoffin, Danielle E and Mackenzie, John S and Wang, Lin-Fa},
  journal={Virology},
  volume={364},
  number={1},
  pages={103--111},
  year={2007},
  publisher={Elsevier}
}


@article{rothlisberger2010two,
  title={Two domains of the V protein of virulent canine distemper virus selectively inhibit STAT1 and STAT2 nuclear import},
  author={R{\"o}thlisberger, Anne and Wiener, Dominique and Schweizer, Matthias and Peterhans, Ernst and Zurbriggen, Andreas and Plattet, Philippe},
  journal={Journal of virology},
  volume={84},
  number={13},
  pages={6328--6343},
  year={2010},
  publisher={Am Soc Microbiol}
}

@article{liston1994measles,
  title={Measles virus V protein binds zinc},
  author={Liston, Peter and Briedis, Dalius J},
  journal={Virology},
  volume={198},
  number={1},
  pages={399--404},
  year={1994},
  publisher={Elsevier}
}

@article{cattaneo1989measles,
  title={Measles virus editing provides an additional cysteine-rich protein},
  author={Cattaneo, Roberto and Kaelin, Karin and Baczko, Knut and Billeter, Martin A},
  journal={Cell},
  volume={56},
  number={5},
  pages={759--764},
  year={1989},
  publisher={Elsevier}
}

@article{reutter2001mutations,
  title={Mutations in the measles virus C protein that up regulate viral RNA synthesis},
  author={Reutter, Greta L and Cortese-Grogan, Case and Wilson, Julie and Moyer, Sue A},
  journal={Virology},
  volume={285},
  number={1},
  pages={100--109},
  year={2001},
  publisher={Elsevier}
}

@article{sweetman2001rinderpest,
  title={Rinderpest virus C and V proteins interact with the major (L) component of the viral polymerase},
  author={Sweetman, David A and Miskin, James and Baron, Michael D},
  journal={Virology},
  volume={281},
  number={2},
  pages={193--204},
  year={2001},
  publisher={Elsevier}
}

@article{chinnakannan2014different,
  title={Different functions of the common P/V/W and V-specific domains of rinderpest virus V protein in blocking IFN signalling},
  author={Chinnakannan, Senthil K and Holzer, Barbara and Bernardo, Beatriz Sanz and Nanda, Sambit K and Baron, Michael D},
  journal={Journal of General Virology},
  volume={95},
  number={1},
  pages={44--51},
  year={2014},
  publisher={Microbiology Society}
}

@article{baron1993cloning,
  title={Cloning and sequence analysis of the phosphoprotein gene of rinderpest virus},
  author={Baron, MD and Shaila, MS and Barrett, T},
  journal={Journal of general virology},
  volume={74},
  number={2},
  pages={299--304},
  year={1993},
  publisher={Microbiology Society}
}


@article{blixenkrone1992sequence,
  title={Sequence analysis of the genes encoding the nucleocapsid protein and phosphoprotein (P) of phocid distemper virus, and editing of the P gene transcript},
  author={Blixenkrone-M{\"o}ller, Merete and Sharma, Bhaskar and Varsanyi, Tamas M and Hu, Aizhung and Norrby, Erling and K{\"o}vamees, Jan},
  journal={Journal of general virology},
  volume={73},
  number={4},
  pages={885--893},
  year={1992},
  publisher={Microbiology Society}
}


@article{woo2012feline,
  title={Feline morbillivirus, a previously undescribed paramyxovirus associated with tubulointerstitial nephritis in domestic cats},
  author={Woo, Patrick CY and Lau, Susanna KP and Wong, Beatrice HL and Fan, Rachel YY and Wong, Annette YP and Zhang, Anna JX and Wu, Ying and Choi, Garnet KY and Li, Kenneth SM and Hui, Janet and others},
  journal={Proceedings of the National Academy of Sciences},
  volume={109},
  number={14},
  pages={5435--5440},
  year={2012},
  publisher={National Acad Sciences}
}

@article{renshaw2000identification,
  title={Identification and phylogenetic comparison of Salem virus, a novel paramyxovirus of horses},
  author={Renshaw, Randall W and Glaser, Amy L and Van Campen, Hana and Weiland, Frank and Dubovi, Edward J},
  journal={Virology},
  volume={270},
  number={2},
  pages={417--429},
  year={2000},
  publisher={Elsevier}
}

@article{alayyoubi2015structure,
  title={Structure of the paramyxovirus parainfluenza virus 5 nucleoprotein--RNA complex},
  author={Alayyoubi, Maher and Leser, George P and Kors, Christopher A and Lamb, Robert A},
  journal={Proceedings of the National Academy of Sciences},
  volume={112},
  number={14},
  pages={E1792--E1799},
  year={2015},
  publisher={National Acad Sciences}
}





@article{tarbouriech2000tetrameric,
  title={Tetrameric coiled coil domain of Sendai virus phosphoprotein},
  author={Tarbouriech, Nicolas and Curran, Joseph and Ruigrok, Rob WH and Burmeister, Wilhelm P},
  journal={Nature Structural \& Molecular Biology},
  volume={7},
  number={9},
  pages={777--781},
  year={2000},
  publisher={Nature Publishing Group}
}

@article{communie2013structure,
  title={Structure of the tetramerization domain of measles virus phosphoprotein},
  author={Communie, Guillaume and Cr{\'e}pin, Thibaut and Maurin, Damien and Jensen, Malene Ringkj{\o}bing and Blackledge, Martin and Ruigrok, Rob WH},
  journal={Journal of virology},
  volume={87},
  number={12},
  pages={7166--7169},
  year={2013},
  publisher={Am Soc Microbiol}
}

@article{cox2015paramyxovirus,
  title={The paramyxovirus polymerase complex as a target for next-generation anti-paramyxovirus therapeutics},
  author={Cox, Robert and Plemper, Richard K},
  journal={Frontiers in Microbiology},
  volume={6},
  year={2015},
  publisher={Frontiers Media SA}
}

@article{karlin2012detecting,
  title={Detecting remote sequence homology in disordered proteins: discovery of conserved motifs in the N-termini of Mononegavirales phosphoproteins},
  author={Karlin, David and Belshaw, Robert},
  journal={PLoS One},
  volume={7},
  number={3},
  year={2012},
  publisher={Public Library of Science}
}

@article{yegambaram2013protein,
  title={Protein domain definition should allow for conditional disorder},
  author={Yegambaram, Kavestri and Bulloch, Esther MM and Kingston, Richard L},
  journal={Protein Science},
  volume={22},
  number={11},
  pages={1502--1518},
  year={2013},
  publisher={Wiley Online Library}
}

@article{curran1995n,
  title={An N-terminal domain of the Sendai paramyxovirus P protein acts as a chaperone for the NP protein during the nascent chain assembly step of genome replication.},
  author={Curran, Joseph and Marq, JEAN-BAPTISTE and Kolakofsky, Daniel},
  journal={Journal of virology},
  volume={69},
  number={2},
  pages={849--855},
  year={1995},
  publisher={Am Soc Microbiol}
}

@article{habchi2012structural,
  title={Structural disorder within paramyxovirus nucleoproteins and phosphoproteins},
  author={Habchi, Johnny and Longhi, Sonia},
  journal={Molecular Biosystems},
  volume={8},
  number={1},
  pages={69--81},
  year={2012},
  publisher={Royal Society of Chemistry}
}

@article{byrappa1996sendai,
  title={Sendai virus P protein is constitutively phosphorylated at serine249: high phosphorylation potential of the P protein},
  author={Byrappa, Sridhar and Pan, Yong-Bao and Gupta, Kailash C},
  journal={Virology},
  volume={216},
  number={1},
  pages={228--234},
  year={1996},
  publisher={Elsevier}
}

@article{byrappa1999human,
  title={Human parainfluenza virus type 1 phosphoprotein is constitutively phosphorylated at Ser-120 and Ser-184.},
  author={Byrappa, Sridhar and Gupta, Kailash C},
  journal={Journal of general virology},
  volume={80},
  number={5},
  pages={1199--1209},
  year={1999},
  publisher={Soc General Microbiol}
}

@article{karlin2002n,
  title={The N-terminal domain of the phosphoprotein of morbilliviruses belongs to the natively unfolded class of proteins},
  author={Karlin, David and Longhi, Sonia and Receveur, V{\'e}ronique and Canard, Bruno},
  journal={Virology},
  volume={296},
  number={2},
  pages={251--262},
  year={2002},
  publisher={Elsevier}
}

@article{kingston2004characterization,
  title={Characterization of nucleocapsid binding by the measles virus and mumps virus phosphoproteins},
  author={Kingston, Richard L and Baase, Walter A and Gay, Leslie S},
  journal={Journal of virology},
  volume={78},
  number={16},
  pages={8630--8640},
  year={2004},
  publisher={Am Soc Microbiol}
}

@article{holmes2002phosphoprotein,
  title={The phosphoprotein (P) binding site resides in the N terminus of the L polymerase subunit of Sendai virus},
  author={Holmes, David E and Moyer, Sue A},
  journal={Journal of virology},
  volume={76},
  number={6},
  pages={3078--3083},
  year={2002},
  publisher={Am Soc Microbiol}
}
@article{kubota2005mumps,
  title={Mumps virus V protein antagonizes interferon without the complete degradation of STAT1},
  author={Kubota, Toru and Yokosawa, Noriko and Yokota, Shin-ichi and Fujii, Nobuhiro and Tashiro, Masato and Kato, Atsushi},
  journal={Journal of virology},
  volume={79},
  number={7},
  pages={4451--4459},
  year={2005},
  publisher={Am Soc Microbiol}
}

@article{takeuchi2003measles,
  title={Measles virus V protein blocks interferon (IFN)-$\alpha$/$\beta$ but not IFN-$\gamma$ signaling by inhibiting STAT1 and STAT2 phosphorylation},
  author={Takeuchi, Kaoru and Kadota, Shin-ich and Takeda, Makoto and Miyajima, Naoko and Nagata, Kyosuke},
  journal={FEBS letters},
  volume={545},
  number={2-3},
  pages={177--182},
  year={2003},
  publisher={Wiley Online Library}
}

@article{li2006structure,
  title={Structure of DDB1 in complex with a paramyxovirus V protein: viral hijack of a propeller cluster in ubiquitin ligase},
  author={Li, Ti and Chen, Xiujuan and Garbutt, Kenneth C and Zhou, Pengbo and Zheng, Ning},
  journal={Cell},
  volume={124},
  number={1},
  pages={105--117},
  year={2006},
  publisher={Elsevier}
}

@article{lo2009determination,
  title={Determination of the henipavirus phosphoprotein gene mRNA editing frequencies and detection of the C, V and W proteins of Nipah virus in virus-infected cells},
  author={Lo, Michael K and Harcourt, Brian H and Mungall, Bruce A and Tamin, Azaibi and Peeples, Mark E and Bellini, William J and Rota, Paul A},
  journal={Journal of General Virology},
  volume={90},
  number={2},
  pages={398--404},
  year={2009},
  publisher={Microbiology Society}
}

@article{horikami1996sendai,
  title={The Sendai virus V protein interacts with the NP protein to regulate viral genome RNA replication},
  author={Horikami, Sandra M and Smallwood, Sherin and Moyer, Sue A},
  journal={Virology},
  volume={222},
  number={2},
  pages={383--390},
  year={1996},
  publisher={Elsevier}
}

@article{liston1994measles,
  title={Measles virus V protein binds zinc},
  author={Liston, Peter and Briedis, Dalius J},
  journal={Virology},
  volume={198},
  number={1},
  pages={399--404},
  year={1994},
  publisher={Elsevier}
}

@article{thomas1988two,
  title={Two mRNAs that differ by two nontemplated nucleotides encode the amino coterminal proteins P and V of the paramyxovirus SV5},
  author={Thomas, Sheila M and Lamb, Robert A and Paterson, Reay G},
  journal={Cell},
  volume={54},
  number={6},
  pages={891--902},
  year={1988},
  publisher={Elsevier}
}

@article{kondo1990sequence,
  title={Sequence analysis of the phosphoprotein (P) genes of human parainfluenza type 4A and 4B viruses and RNA editing at transcript of the P genes: the number of G residues added is imprecise},
  author={Kondo, Kunio and Bando, Hisanori and Tsurudome, Masato and Kawano, Mitsuo and Nishio, Machiko and Ito, Yasuhiko},
  journal={Virology},
  volume={178},
  number={1},
  pages={321--326},
  year={1990},
  publisher={Elsevier}
}

@article{vidal1990stuttering,
  title={A stuttering model for paramyxovirus P mRNA editing.},
  author={Vidal, Silvia and Curran, Joseph and Kolakofsky, Daniel},
  journal={The EMBO journal},
  volume={9},
  number={6},
  pages={2017},
  year={1990},
  publisher={European Molecular Biology Organization}
}

@article{marsh2012cedar,
  title={Cedar virus: a novel henipavirus isolated from Australian bats},
  author={Marsh, Glenn A and De Jong, Carol and Barr, Jennifer A and Tachedjian, Mary and Smith, Craig and Middleton, Deborah and Yu, Meng and Todd, Shawn and Foord, Adam J and Haring, Volker and others},
  journal={PLoS pathogens},
  volume={8},
  number={8},
  pages={e1002836},
  year={2012},
  publisher={Public Library of Science}
}


@article{matsuoka1991p,
  title={The P gene of human parainfluenza virus type 1 encodes P and C proteins but not a cysteine-rich V protein.},
  author={Matsuoka, Y and Curran, J and Pelet, T and Kolakofsky, D and Ray, R and Compans, RW},
  journal={Journal of virology},
  volume={65},
  number={6},
  pages={3406--3410},
  year={1991},
  publisher={Am Soc Microbiol}
}

@article{chinnakannan2014different,
  title={Different functions of the common P/V/W and V-specific domains of rinderpest virus V protein in blocking IFN signalling},
  author={Chinnakannan, Senthil K and Holzer, Barbara and Bernardo, Beatriz Sanz and Nanda, Sambit K and Baron, Michael D},
  journal={Journal of General Virology},
  volume={95},
  number={1},
  pages={44--51},
  year={2014},
  publisher={Microbiology Society}
}

@article{curran1988ribosomal,
  title={Ribosomal initiation from an ACG codon in the Sendai virus P/C mRNA.},
  author={Curran, Joseph and Kolakofsky, Daniel},
  journal={The EMBO journal},
  volume={7},
  number={1},
  pages={245},
  year={1988},
  publisher={European Molecular Biology Organization}
}

@article{curran1988scanning,
  title={Scanning independent ribosomal initiation of the Sendai virus X protein.},
  author={Curran, Joseph and Kolakofsky, Daniel},
  journal={The EMBO journal},
  volume={7},
  number={9},
  pages={2869},
  year={1988},
  publisher={European Molecular Biology Organization}
}

@article{latorre1998sendai,
  title={Sendai virus Y proteins are initiated by a ribosomal shunt},
  author={Latorre, Patrizia and Kolakofsky, Daniel and Curran, Joseph},
  journal={Molecular and cellular biology},
  volume={18},
  number={9},
  pages={5021--5031},
  year={1998},
  publisher={Am Soc Microbiol}
}

@article{de2004proteolytic,
  title={Proteolytic Processing and Translation Initiation TWO INDEPENDENT MECHANISMS FOR THE EXPRESSION OF THE SENDAI VIRUS Y PROTEINS},
  author={de Breyne, Sylvain and Monney, Romaine Stalder and Curran, Joseph},
  journal={Journal of Biological Chemistry},
  volume={279},
  number={16},
  pages={16571--16580},
  year={2004},
  publisher={ASBMB}
}

@article{giorgi1983sendai,
  title={Sendai virus contains overlapping genes expressed from a single mRNA},
  author={Giorgi, Colomba and Blumberg, Benjamin M and Kolakofsky, Daniel},
  journal={Cell},
  volume={35},
  number={3},
  pages={829--836},
  year={1983},
  publisher={Elsevier}
}

@article{li2011function,
  title={Function of the small hydrophobic protein of J paramyxovirus},
  author={Li, Zhuo and Xu, Jie and Patel, Jui and Fuentes, Sandra and Lin, Yuan and Anderson, Danielle and Sakamoto, Kaori and Wang, Lin-Fa and He, Biao},
  journal={Journal of virology},
  volume={85},
  number={1},
  pages={32--42},
  year={2011},
  publisher={Am Soc Microbiol}
}

@article{elango1989mrna,
  title={mRNA sequence and deduced amino acid sequence of the mumps virus small hydrophobic protein gene.},
  author={Elango, N and K{\"o}vamees, J and Varsanyi, TM and Norrby, E},
  journal={Journal of virology},
  volume={63},
  number={3},
  pages={1413--1415},
  year={1989},
  publisher={Am Soc Microbiol}
}


@article{he1998paramyxovirus,
  title={The paramyxovirus SV5 small hydrophobic (SH) protein is not essential for virus growth in tissue culture cells},
  author={He, Biao and Leser, George P and Paterson, Reay G and Lamb, Robert A},
  journal={Virology},
  volume={250},
  number={1},
  pages={30--40},
  year={1998},
  publisher={Elsevier}
}

@article{pelet1991p,
  title={The P gene of bovine parainfluenza virus 3 expresses all three reading frames from a single mRNA editing site.},
  author={Pelet, Thierry and Curran, Joseph and Kolakofsky, Daniel},
  journal={The EMBO journal},
  volume={10},
  number={2},
  pages={443},
  year={1991},
  publisher={European Molecular Biology Organization}
}

@article{durbin1999mutations,
  title={Mutations in the C, D, and V open reading frames of human parainfluenza virus type 3 attenuate replication in rodents and primates},
  author={Durbin, Anna P and McAuliffe, Josephine M and Collins, Peter L and Murphy, Brian R},
  journal={Virology},
  volume={261},
  number={2},
  pages={319--330},
  year={1999},
  publisher={Elsevier}
}


@article{depken2009origin,
  title={The origin of short transcriptional pauses},
  author={Depken, Martin and Galburt, Eric A and Grill, Stephan W},
  journal={Biophysical journal},
  volume={96},
  number={6},
  pages={2189--2193},
  year={2009},
  publisher={Elsevier}
}


@article{liston1995ribosomal,
  title={Ribosomal frameshifting during translation of measles virus P protein mRNA is capable of directing synthesis of a unique protein.},
  author={Liston, Peter and Briedis, Dalius J},
  journal={Journal of virology},
  volume={69},
  number={11},
  pages={6742--6750},
  year={1995},
  publisher={Am Soc Microbiol}
}

@article{keese1992origins,
  title={Origins of genes:" big bang" or continuous creation?},
  author={Keese, Paul K and Gibbs, Adrian},
  journal={Proceedings of the National Academy of Sciences},
  volume={89},
  number={20},
  pages={9489--9493},
  year={1992},
  publisher={National Acad Sciences}
}


@article{gitlin2014rapid,
  title={Rapid evolution of virus sequences in intrinsically disordered protein regions},
  author={Gitlin, Leonid and Hagai, Tzachi and LaBarbera, Anthony and Solovey, Mark and Andino, Raul},
  journal={PLoS Pathog},
  volume={10},
  number={12},
  pages={e1004529},
  year={2014},
  publisher={Public Library of Science}
}

@article{rancurel2009overlapping,
  title={Overlapping genes produce proteins with unusual sequence properties and offer insight into de novo protein creation},
  author={Rancurel, Corinne and Khosravi, Mahvash and Dunker, A Keith and Romero, Pedro R and Karlin, David},
  journal={Journal of virology},
  volume={83},
  number={20},
  pages={10719--10736},
  year={2009},
  publisher={Am Soc Microbiol}
}


@article{communie2013atomic,
  title={Atomic resolution description of the interaction between the nucleoprotein and phosphoprotein of Hendra virus},
  author={Communie, Guillaume and Habchi, Johnny and Yabukarski, Filip and Blocquel, David and Schneider, Robert and Tarbouriech, Nicolas and Papageorgiou, Nicolas and Ruigrok, RW and Jamin, Marc and Jensen, Malene Ringkj{\o}bing and others},
  journal={PLoS Pathog},
  volume={9},
  number={9},
  pages={e1003631},
  year={2013}
}


@article{mehedi2011new,
  title={A new Ebola virus nonstructural glycoprotein expressed through RNA editing},
  author={Mehedi, Masfique and Falzarano, Darryl and Seebach, Jochen and Hu, Xiaojie and Carpenter, Michael S and Schnittler, Hans-Joachim and Feldmann, Heinz},
  journal={Journal of virology},
  volume={85},
  number={11},
  pages={5406--5414},
  year={2011},
  publisher={Am Soc Microbiol}
}

@article{brown2002evolutionary,
  title={Evolutionary rate heterogeneity in proteins with long disordered regions},
  author={Brown, Celeste J and Takayama, Sachiko and Campen, Andrew M and Vise, Pam and Marshall, Thomas W and Oldfield, Christopher J and Williams, Christopher J and Keith Dunker, A},
  journal={Journal of molecular evolution},
  volume={55},
  number={1},
  pages={104--110},
  year={2002},
  publisher={Springer}
}

@article{kovacs2010dual,
  title={Dual coding in alternative reading frames correlates with intrinsic protein disorder},
  author={Kovacs, Erika and Tompa, Peter and Liliom, Karoly and Kalmar, Lajos},
  journal={Proceedings of the National Academy of Sciences},
  volume={107},
  number={12},
  pages={5429--5434},
  year={2010},
  publisher={National Acad Sciences}
}



@article{curran1991sendai,
  title={The Sendai virus P gene expresses both an essential protein and an inhibitor of RNA synthesis by shuffling modules via mRNA editing.},
  author={Curran, Joseph and Boeck, Ronald and Kolakofsky, Daniel},
  journal={The EMBO journal},
  volume={10},
  number={10},
  pages={3079},
  year={1991},
  publisher={European Molecular Biology Organization}
}

@article{patterson2000v,
  title={V and C proteins of measles virus function as virulence factors in vivo},
  author={Patterson, John B and Thomas, Diane and Lewicki, Hanna and Billeter, Martin A and Oldstone, Michael BA},
  journal={Virology},
  volume={267},
  number={1},
  pages={80--89},
  year={2000},
  publisher={Elsevier}
}

@article{herzog1995translation,
  title={Translation of the second gene of peanut clump virus RNA 2 occurs by leaky scanning in vitro},
  author={Herzog, Etienne and Guilley, Hubert and Fritsch, Christiane},
  journal={Virology},
  volume={208},
  number={1},
  pages={215--225},
  year={1995},
  publisher={Elsevier}
}

@article{woo2014fatal,
  title={Fatal systemic necrotizing infections associated with a novel paramyxovirus, anaconda paramyxovirus, in green anaconda juveniles},
  author={Woo, Patrick CY and Lau, Susanna KP and Martelli, Paolo and Hui, Suk-Wai and Lau, Candy CY and Fan, Rachel YY and Groff, Joseph M and Tam, Emily WT and Chan, Kwok-Hung and Yuen, Kwok-Yung},
  journal={Journal of clinical microbiology},
  volume={52},
  number={10},
  pages={3614--3623},
  year={2014},
  publisher={Am Soc Microbiol}
}

@article{kurath2004complete,
  title={Complete genome sequence of Fer-de-Lance virus reveals a novel gene in reptilian paramyxoviruses},
  author={Kurath, Gael and Batts, William N and Ahne, Winfried and Winton, James R},
  journal={Journal of virology},
  volume={78},
  number={4},
  pages={2045--2056},
  year={2004},
  publisher={Am Soc Microbiol}
}

@article{shaffer2003c,
  title={The C protein of measles virus inhibits the type I interferon response},
  author={Shaffer, Jessica A and Bellini, William J and Rota, Paul A},
  journal={Virology},
  volume={315},
  number={2},
  pages={389--397},
  year={2003},
  publisher={Elsevier}
}


@article{sleeman2008c,
  title={The C, V and W proteins of Nipah virus inhibit minigenome replication},
  author={Sleeman, Katrina and Bankamp, Bettina and Hummel, Kimberly B and Lo, Michael K and Bellini, William J and Rota, Paul A},
  journal={Journal of General Virology},
  volume={89},
  number={5},
  pages={1300--1308},
  year={2008},
  publisher={Microbiology Society}
}

@article{magoffin2007genetic,
  title={Genetic analysis of J-virus and Beilong virus using minireplicons},
  author={Magoffin, Danielle E and Mackenzie, John S and Wang, Lin-Fa},
  journal={Virology},
  volume={364},
  number={1},
  pages={103--111},
  year={2007},
  publisher={Elsevier}
}

@article{lo2012distinct,
  title={Distinct and overlapping roles of Nipah virus P gene products in modulating the human endothelial cell antiviral response},
  author={Lo, Michael K and Peeples, Mark E and Bellini, William J and Nichol, Stuart T and Rota, Paul A and Spiropoulou, Christina F},
  journal={PloS one},
  volume={7},
  number={10},
  pages={e47790},
  year={2012},
  publisher={Public Library of Science}
}

@article{horie2016region,
  title={Region of Nipah virus C protein responsible for shuttling between the cytoplasm and nucleus},
  author={Horie, Ryo and Yoneda, Misako and Uchida, Shotaro and Sato, Hiroki and Kai, Chieko},
  journal={Virology},
  volume={497},
  pages={294--304},
  year={2016},
  publisher={Elsevier}
}

@article{lo2014evolution,
  title={Evolution and structural organization of the C proteins of paramyxovirinae},
  author={Lo, Michael K and S{\o}gaard, Teit Max and Karlin, David G},
  journal={PloS one},
  volume={9},
  number={2},
  pages={e90003},
  year={2014},
  publisher={Public Library of Science}
}

@article{bartlett2008human,
  title={Human parainfluenza virus type 1 C proteins are nonessential proteins that inhibit the host interferon and apoptotic responses and are required for efficient replication in nonhuman primates},
  author={Bartlett, Emmalene J and Cruz, Ann-Marie and Esker, Janice and Casta{\~n}o, Adam and Schomacker, Henrick and Surman, Sonja R and Hennessey, Margaret and Boonyaratanakornkit, Jim and Pickles, Raymond J and Collins, Peter L and others},
  journal={Journal of virology},
  volume={82},
  number={18},
  pages={8965--8977},
  year={2008},
  publisher={Am Soc Microbiol}
}

@article{kurotani1998sendai,
  title={Sendai virus C proteins are categorically nonessential gene products but silencing their expression severely impairs viral replication and pathogenesis},
  author={Kurotani, Atsushi and Kiyotani, Katsuhiro and Kato, Atsushi and Shioda, Tatsuo and Sakai, Yuko and Mizumoto, Kiyohisa and Yoshida, Tetsuya and Nagai, Yoshiyuki},
  journal={Genes to cells},
  volume={3},
  number={2},
  pages={111--124},
  year={1998},
  publisher={Wiley Online Library}
}



@article{shaw2005nuclear,
  title={Nuclear localization of the Nipah virus W protein allows for inhibition of both virus-and toll-like receptor 3-triggered signaling pathways},
  author={Shaw, Megan L and Cardenas, Washington B and Zamarin, Dmitriy and Palese, Peter and Basler, Christopher F},
  journal={Journal of virology},
  volume={79},
  number={10},
  pages={6078--6088},
  year={2005},
  publisher={Am Soc Microbiol}
}

@article{wang2007full,
  title={Full-length genome sequence and genetic relationship of two paramyxoviruses isolated from bat and pigs in the Americas},
  author={Wang, L-F and Hansson, E and Yu, M and Chua, KB and Mathe, N and Crameri, G and Rima, BK and Moreno-Lopez, J and Eaton, BT},
  journal={Archives of virology},
  volume={152},
  number={7},
  pages={1259--1271},
  year={2007},
  publisher={Springer}
}

@article{cuevas2016molecular,
  title={Molecular characterisation of Porcine rubulavirus (PorPV) isolates from different outbreaks in Mexico},
  author={Cuevas-Romero, S},
  journal={Virus genes},
  volume={52},
  number={1},
  pages={81--90},
  year={2016},
  publisher={Springer}
}

@article{hausmann1999versatility,
  title={The versatility of paramyxovirus RNA polymerase stuttering},
  author={Hausmann, Stephane and Garcin, Dominique and Delenda, Christophe and Kolakofsky, Daniel},
  journal={Journal of virology},
  volume={73},
  number={7},
  pages={5568--5576},
  year={1999},
  publisher={Am Soc Microbiol}
}


@article{wagner1990transcriptional,
  title={Transcriptional slippage occurs during elongation at runs of adenine or thymine in Escherichia coli},
  author={Wagner, Lori A and Weiss, Robert B and Driscoll, Robert and Dunn, Diane S and Gesteland, Ray F},
  journal={Nucleic acids research},
  volume={18},
  number={12},
  pages={3529--3535},
  year={1990},
  publisher={Oxford Univ Press}
}

@article{olspert2015transcriptional,
  title={Transcriptional slippage in the positive-sense RNA virus family Potyviridae},
  author={Olspert, Allan and Chung, Betty Y-W and Atkins, John F and Carr, John P and Firth, Andrew E},
  journal={EMBO reports},
  volume={16},
  number={8},
  pages={995--1004},
  year={2015},
  publisher={EMBO Press}
}

@incollection{whelan2004transcription,
  title={Transcription and replication of nonsegmented negative-strand RNA viruses},
  author={Whelan, SPJ and Barr, JN and Wertz, GW},
  booktitle={Biology of Negative Strand RNA Viruses: The Power of Reverse Genetics},
  pages={61--119},
  year={2004},
  publisher={Springer}
}

@article{li2008conserved,
  title={A conserved motif in region v of the large polymerase proteins of nonsegmented negative-sense RNA viruses that is essential for mRNA capping},
  author={Li, Jianrong and Rahmeh, Amal and Morelli, Marco and Whelan, Sean PJ},
  journal={Journal of virology},
  volume={82},
  number={2},
  pages={775--784},
  year={2008},
  publisher={Am Soc Microbiol}
}

@article{galloway2008s,
  title={S-adenosyl homocysteine-induced hyperpolyadenylation of vesicular stomatitis virus mRNA requires the methyltransferase activity of L protein},
  author={Galloway, Summer E and Wertz, Gail W},
  journal={Journal of virology},
  volume={82},
  number={24},
  pages={12280--12290},
  year={2008},
  publisher={Am Soc Microbiol}
}

@article{zheng1999influenza,
  title={Influenza A virus RNA polymerase has the ability to stutter at the polyadenylation site of a viral RNA template during RNA replication},
  author={Zheng, Hongyong and Lee, Hye Annie and Palese, Peter and Garcia-Sastre, Adolfo},
  journal={Journal of virology},
  volume={73},
  number={6},
  pages={5240--5243},
  year={1999},
  publisher={Am Soc Microbiol}
}

@article{kingston2004structural,
  title={Structural basis for the attachment of a paramyxoviral polymerase to its template},
  author={Kingston, Richard L and Hamel, Damon J and Gay, Leslie S and Dahlquist, Frederick W and Matthews, Brian W},
  journal={Proceedings of the National Academy of Sciences of the United States of America},
  volume={101},
  number={22},
  pages={8301--8306},
  year={2004},
  publisher={National Acad Sciences}
}

@article{colgan1997mechanism,
  title={Mechanism and regulation of mRNA polyadenylation},
  author={Colgan, Diana F and Manley, James L},
  journal={Genes \& development},
  volume={11},
  number={21},
  pages={2755--2766},
  year={1997},
  publisher={Cold Spring Harbor Lab}
}

@article{wilson2006function,
  title={Function of small hydrophobic proteins of paramyxovirus},
  author={Wilson, Rebecca L and Fuentes, Sandra M and Wang, Ping and Taddeo, Erica C and Klatt, Alicia and Henderson, Andrew J and He, Biao},
  journal={Journal of virology},
  volume={80},
  number={4},
  pages={1700--1709},
  year={2006},
  publisher={Am Soc Microbiol}
}

@article{jack2005complete,
  title={The complete genome sequence of J virus reveals a unique genome structure in the family Paramyxoviridae},
  author={Jack, Philippa JM and Boyle, David B and Eaton, Bryan T and Wang, Lin-Fa},
  journal={Journal of virology},
  volume={79},
  number={16},
  pages={10690--10700},
  year={2005},
  publisher={Am Soc Microbiol}
}

@article{krogh2001predicting,
  title={Predicting transmembrane protein topology with a hidden Markov model: application to complete genomes},
  author={Krogh, Anders and Larsson, Bjo{\`E}rn and Von Heijne, Gunnar and Sonnhammer, Erik LL},
  journal={Journal of molecular biology},
  volume={305},
  number={3},
  pages={567--580},
  year={2001},
  publisher={Elsevier}
}

@article{noton2015initiation,
  title={Initiation and regulation of paramyxovirus transcription and replication},
  author={Noton, Sarah L and Fearns, Rachel},
  journal={Virology},
  volume={479},
  pages={545--554},
  year={2015},
  publisher={Elsevier}
}


@article{nayak2008molecular,
  title={Molecular characterization and complete genome sequence of avian paramyxovirus type 4 prototype strain duck/Hong Kong/D3/75},
  author={Nayak, Baibaswata and Kumar, Sachin and Collins, Peter L and Samal, Siba K},
  journal={Virology journal},
  volume={5},
  number={1},
  pages={1},
  year={2008},
  publisher={BioMed Central}
}

@article{mebatsion2001recombinant,
  title={A recombinant Newcastle disease virus with low-level V protein expression is immunogenic and lacks pathogenicity for chicken embryos},
  author={Mebatsion, Teshome and Verstegen, Stefan and De Vaan, Leonarda TC and R{\"o}mer-Oberd{\"o}rfer, Angela and Schrier, Carla C},
  journal={Journal of virology},
  volume={75},
  number={1},
  pages={420--428},
  year={2001},
  publisher={Am Soc Microbiol}
}

@article{huang2003newcastle,
  title={Newcastle disease virus V protein is associated with viral pathogenesis and functions as an alpha interferon antagonist},
  author={Huang, Zhuhui and Krishnamurthy, Sateesh and Panda, Aruna and Samal, Siba K},
  journal={Journal of virology},
  volume={77},
  number={16},
  pages={8676--8685},
  year={2003},
  publisher={Am Soc Microbiol}
}


@article{lau2010identification,
  title={Identification and complete genome analysis of three novel paramyxoviruses, Tuhoko virus 1, 2 and 3, in fruit bats from China},
  author={Lau, Susanna KP and Woo, Patrick CY and Wong, Beatrice HL and Wong, Annette YP and Tsoi, Hoi-Wah and Wang, Ming and Lee, Paul and Xu, Huifang and Poon, Rosana WS and Guo, Rongtong and others},
  journal={Virology},
  volume={404},
  number={1},
  pages={106--116},
  year={2010},
  publisher={Elsevier}
}

@article{bowden2001molecular,
  title={Molecular characterization of Menangle virus, a novel paramyxovirus which infects pigs, fruit bats, and humans},
  author={Bowden, Timothy R and Westenberg, Marcel and Wang, Lin-Fa and Eaton, Bryan T and Boyle, David B},
  journal={Virology},
  volume={283},
  number={2},
  pages={358--373},
  year={2001},
  publisher={Elsevier}
}


@article{chua2001tioman,
  title={Tioman virus, a novel paramyxovirus isolated from fruit bats in Malaysia},
  author={Chua, Kaw Bing and Wang, Lin-Fa and Lam, Sai Kit and Crameri, Gary and Yu, Meng and Wise, Terry and Boyle, David and Hyatt, Alex D and Eaton, Bryan T},
  journal={Virology},
  volume={283},
  number={2},
  pages={215--229},
  year={2001},
  publisher={Elsevier}
}

@article{kondo1990sequence,
  title={Sequence analysis of the phosphoprotein (P) genes of human parainfluenza type 4A and 4B viruses and RNA editing at transcript of the P genes: the number of G residues added is imprecise},
  author={Kondo, Kunio and Bando, Hisanori and Tsurudome, Masato and Kawano, Mitsuo and Nishio, Machiko and Ito, Yasuhiko},
  journal={Virology},
  volume={178},
  number={1},
  pages={321--326},
  year={1990},
  publisher={Elsevier}
}


@article{ohgimoto1990sequence,
  title={Sequence analysis of P gene of human parainfluenza type 2 virus: P and cysteine-rich proteins are translated by two mRNAs that differ by two nontemplated G residues},
  author={Ohgimoto, Shinji and Bando, Hisanori and Kawano, Mitsuo and Okamoto, Kousuke and Kondo, Kunio and Tsurudome, Masato and Nishio, Machiko and Ito, Yasuhiko},
  journal={Virology},
  volume={177},
  number={1},
  pages={116--123},
  year={1990},
  publisher={Elsevier}
}


@article{kawano1993sequence,
  title={Sequence determination of the P gene of simian virus 41: presence of irregular deletions near the RNA-editing sites of paramyxoviruses},
  author={Kawano, Mitsuo and Tsurudome, Masato and Oki, Naohiro and Nishio, Machiko and Komada, Hiroshi and Matsumura, Haruo and Kusagawa, Shigeru and Ohta, Hisataka and Ito, Yasuhiko},
  journal={Journal of general virology},
  volume={74},
  number={5},
  pages={911--916},
  year={1993},
  publisher={Microbiology Society}
}

@article{thomas1988two,
  title={Two mRNAs that differ by two nontemplated nucleotides encode the amino coterminal proteins P and V of the paramyxovirus SV5},
  author={Thomas, Sheila M and Lamb, Robert A and Paterson, Reay G},
  journal={Cell},
  volume={54},
  number={6},
  pages={891--902},
  year={1988},
  publisher={Elsevier}
}

@article{li2006structure,
  title={Structure of DDB1 in complex with a paramyxovirus V protein: viral hijack of a propeller cluster in ubiquitin ligase},
  author={Li, Ti and Chen, Xiujuan and Garbutt, Kenneth C and Zhou, Pengbo and Zheng, Ning},
  journal={Cell},
  volume={124},
  number={1},
  pages={105--117},
  year={2006},
  publisher={Elsevier}
}

@article{takeuchi1990detection,
  title={Detection and characterization of mumps virus V protein},
  author={Takeuchi, Kaoru and Tanabayashi, Kiyoshi and Hishiyama, Michiko and Yamada, Yasuko K and Yamada, Akio and Sugiura, Akira},
  journal={Virology},
  volume={178},
  number={1},
  pages={247--253},
  year={1990},
  publisher={Elsevier}
}

@article{paterson1990rna,
  title={RNA editing by G-nucleotide insertion in mumps virus P-gene mRNA transcripts.},
  author={Paterson, REAY G and Lamb, ROBERT A},
  journal={Journal of virology},
  volume={64},
  number={9},
  pages={4137--4145},
  year={1990},
  publisher={Am Soc Microbiol}
}



@article{kingston2008structure,
  title={Structure of the nucleocapsid-binding domain from the mumps virus polymerase; an example of protein folding induced by crystallization},
  author={Kingston, Richard L and Gay, Leslie S and Baase, Walter S and Matthews, Brian W},
  journal={Journal of molecular biology},
  volume={379},
  number={4},
  pages={719--731},
  year={2008},
  publisher={Elsevier}
}

@article{hagmaier2007mapuera,
  title={Mapuera virus, a rubulavirus that inhibits interferon signalling in a wide variety of mammalian cells without degrading STATs},
  author={Hagmaier, K and Stock, N and Precious, B and Childs, K and Wang, L-F and Goodbourn, S and Randall, RE},
  journal={Journal of general virology},
  volume={88},
  number={3},
  pages={956--966},
  year={2007},
  publisher={Microbiology Society}
}

@article{falk2008molecular,
  title={Molecular characterisation of Atlantic salmon paramyxovirus (ASPV): a novel paramyxovirus associated with proliferative gill inflammation},
  author={Falk, K and Batts, WN and Kvellestad, A and Kurath, G and Wiik-Nielsen, J and Winton, JR},
  journal={Virus research},
  volume={133},
  number={2},
  pages={218--227},
  year={2008},
  publisher={Elsevier}
}


@article{matsuoka1991p,
  title={The P gene of human parainfluenza virus type 1 encodes P and C proteins but not a cysteine-rich V protein.},
  author={Matsuoka, Y and Curran, J and Pelet, T and Kolakofsky, D and Ray, R and Compans, RW},
  journal={Journal of virology},
  volume={65},
  number={6},
  pages={3406--3410},
  year={1991},
  publisher={Am Soc Microbiol}
}

@article{blanchard2004structure,
  title={Structure and dynamics of the nucleocapsid-binding domain of the Sendai virus phosphoprotein in solution},
  author={Blanchard, Laurence and Tarbouriech, Nicolas and Blackledge, Martin and Timmins, Peter and Burmeister, Wilhelm P and Ruigrok, Rob WH and Marion, Dominique},
  journal={Virology},
  volume={319},
  number={2},
  pages={201--211},
  year={2004},
  publisher={Elsevier}
}

@article{tarbouriech2000tetrameric,
  title={Tetrameric coiled coil domain of Sendai virus phosphoprotein},
  author={Tarbouriech, Nicolas and Curran, Joseph and Ruigrok, Rob WH and Burmeister, Wilhelm P},
  journal={Nature Structural \& Molecular Biology},
  volume={7},
  number={9},
  pages={777--781},
  year={2000},
  publisher={Nature Publishing Group}
}

@article{cox2013structural,
  title={Structural and functional characterization of the mumps virus phosphoprotein},
  author={Cox, Robert and Green, Todd J and Purushotham, Sangeetha and Deivanayagam, Champion and Bedwell, Gregory J and Prevelige, Peter E and Luo, Ming},
  journal={Journal of virology},
  volume={87},
  number={13},
  pages={7558--7568},
  year={2013},
  publisher={Am Soc Microbiol}
}


@article{dillon1989expression,
  title={Expression of five proteins from the Sendai virus P/C mRNA in infected cells.},
  author={Dillon, PATRICK J and Gupta, KAILASH C},
  journal={Journal of virology},
  volume={63},
  number={2},
  pages={974--977},
  year={1989},
  publisher={Am Soc Microbiol}
}

@article{kato1997paramyxovirus,
  title={The paramyxovirus, Sendai virus, V protein encodes a luxury function required for viral pathogenesis},
  author={Kato, Atsushi and Kiyotani, Katsuhiro and Sakai, Yuko and Yoshida, Tetsuya and Nagai, Yoshiyuki},
  journal={The EMBO journal},
  volume={16},
  number={3},
  pages={578--587},
  year={1997},
  publisher={EMBO Press}
}

@article{lau2013identification,
  title={Identification and characterization of a novel paramyxovirus, porcine parainfluenza virus 1, from deceased pigs},
  author={Lau, Susanna KP and Woo, Patrick CY and Wu, Ying and Wong, Annette YP and Wong, Beatrice HL and Lau, Candy CY and Fan, Rachel YY and Cai, Jian-Piao and Tsoi, Hoi-Wah and Chan, Kwok-Hung and others},
  journal={Journal of General Virology},
  volume={94},
  number={10},
  pages={2184--2190},
  year={2013},
  publisher={Microbiology Society}
}


@article{kurath2004complete,
  title={Complete genome sequence of Fer-de-Lance virus reveals a novel gene in reptilian paramyxoviruses},
  author={Kurath, Gael and Batts, William N and Ahne, Winfried and Winton, James R},
  journal={Journal of virology},
  volume={78},
  number={4},
  pages={2045--2056},
  year={2004},
  publisher={Am Soc Microbiol}
}

@article{andrejeva2004v,
  title={The V proteins of paramyxoviruses bind the IFN-inducible RNA helicase, mda-5, and inhibit its activation of the IFN-$\beta$ promoter},
  author={Andrejeva, J and Childs, KS and Young, DF and Carlos, TS and Stock, N and Goodbourn, S and Randall, RE},
  journal={Proceedings of the National Academy of Sciences of the United States of America},
  volume={101},
  number={49},
  pages={17264--17269},
  year={2004},
  publisher={National Acad Sciences}
}


@article{bruhn2014crystal,
  title={Crystal structure of the Nipah virus phosphoprotein tetramerization domain},
  author={Bruhn, Jessica F and Barnett, Katherine C and Bibby, Jaclyn and Thomas, Jens MH and Keegan, Ronan M and Rigden, Daniel J and Bornholdt, Zachary A and Saphire, Erica Ollmann},
  journal={Journal of virology},
  volume={88},
  number={1},
  pages={758--762},
  year={2014},
  publisher={Am Soc Microbiol}
}

@article{li2006beilong,
  title={Beilong virus, a novel paramyxovirus with the largest genome of non-segmented negative-stranded RNA viruses},
  author={Li, Zhuo and Yu, Meng and Zhang, Hong and Magoffin, Danielle E and Jack, Philippa JM and Hyatt, Alex and Wang, Hai-Yan and Wang, Lin-Fa},
  journal={Virology},
  volume={346},
  number={1},
  pages={219--228},
  year={2006},
  publisher={Elsevier}
}


@article{magoffin2007genetic,
  title={Genetic analysis of J-virus and Beilong virus using minireplicons},
  author={Magoffin, Danielle E and Mackenzie, John S and Wang, Lin-Fa},
  journal={Virology},
  volume={364},
  number={1},
  pages={103--111},
  year={2007},
  publisher={Elsevier}
}


@article{rothlisberger2010two,
  title={Two domains of the V protein of virulent canine distemper virus selectively inhibit STAT1 and STAT2 nuclear import},
  author={R{\"o}thlisberger, Anne and Wiener, Dominique and Schweizer, Matthias and Peterhans, Ernst and Zurbriggen, Andreas and Plattet, Philippe},
  journal={Journal of virology},
  volume={84},
  number={13},
  pages={6328--6343},
  year={2010},
  publisher={Am Soc Microbiol}
}

@article{liston1994measles,
  title={Measles virus V protein binds zinc},
  author={Liston, Peter and Briedis, Dalius J},
  journal={Virology},
  volume={198},
  number={1},
  pages={399--404},
  year={1994},
  publisher={Elsevier}
}

@article{cattaneo1989measles,
  title={Measles virus editing provides an additional cysteine-rich protein},
  author={Cattaneo, Roberto and Kaelin, Karin and Baczko, Knut and Billeter, Martin A},
  journal={Cell},
  volume={56},
  number={5},
  pages={759--764},
  year={1989},
  publisher={Elsevier}
}

@article{reutter2001mutations,
  title={Mutations in the measles virus C protein that up regulate viral RNA synthesis},
  author={Reutter, Greta L and Cortese-Grogan, Case and Wilson, Julie and Moyer, Sue A},
  journal={Virology},
  volume={285},
  number={1},
  pages={100--109},
  year={2001},
  publisher={Elsevier}
}

@article{sweetman2001rinderpest,
  title={Rinderpest virus C and V proteins interact with the major (L) component of the viral polymerase},
  author={Sweetman, David A and Miskin, James and Baron, Michael D},
  journal={Virology},
  volume={281},
  number={2},
  pages={193--204},
  year={2001},
  publisher={Elsevier}
}

@article{chinnakannan2014different,
  title={Different functions of the common P/V/W and V-specific domains of rinderpest virus V protein in blocking IFN signalling},
  author={Chinnakannan, Senthil K and Holzer, Barbara and Bernardo, Beatriz Sanz and Nanda, Sambit K and Baron, Michael D},
  journal={Journal of General Virology},
  volume={95},
  number={1},
  pages={44--51},
  year={2014},
  publisher={Microbiology Society}
}

@article{baron1993cloning,
  title={Cloning and sequence analysis of the phosphoprotein gene of rinderpest virus},
  author={Baron, MD and Shaila, MS and Barrett, T},
  journal={Journal of general virology},
  volume={74},
  number={2},
  pages={299--304},
  year={1993},
  publisher={Microbiology Society}
}


@article{blixenkrone1992sequence,
  title={Sequence analysis of the genes encoding the nucleocapsid protein and phosphoprotein (P) of phocid distemper virus, and editing of the P gene transcript},
  author={Blixenkrone-M{\"o}ller, Merete and Sharma, Bhaskar and Varsanyi, Tamas M and Hu, Aizhung and Norrby, Erling and K{\"o}vamees, Jan},
  journal={Journal of general virology},
  volume={73},
  number={4},
  pages={885--893},
  year={1992},
  publisher={Microbiology Society}
}


@article{woo2012feline,
  title={Feline morbillivirus, a previously undescribed paramyxovirus associated with tubulointerstitial nephritis in domestic cats},
  author={Woo, Patrick CY and Lau, Susanna KP and Wong, Beatrice HL and Fan, Rachel YY and Wong, Annette YP and Zhang, Anna JX and Wu, Ying and Choi, Garnet KY and Li, Kenneth SM and Hui, Janet and others},
  journal={Proceedings of the National Academy of Sciences},
  volume={109},
  number={14},
  pages={5435--5440},
  year={2012},
  publisher={National Acad Sciences}
}

@article{boireau2007transcriptional,
  title={The transcriptional cycle of HIV-1 in real-time and live cells},
  author={Boireau, St{\'e}phanie and Maiuri, Paolo and Basyuk, Eugenia and de la Mata, Manuel and Knezevich, Anna and Pradet-Balade, B{\'e}rang{\`e}re and B{\"a}cker, Volker and Kornblihtt, Alberto and Marcello, Alessandro and Bertrand, Edouard},
  journal={J Cell Biol},
  volume={179},
  number={2},
  pages={291--304},
  year={2007},
  publisher={Rockefeller University Press}
}

@article{darzacq2007vivo,
  title={In vivo dynamics of RNA polymerase II transcription},
  author={Darzacq, Xavier and Shav-Tal, Yaron and De Turris, Valeria and Brody, Yehuda and Shenoy, Shailesh M and Phair, Robert D and Singer, Robert H},
  journal={Nature structural \& molecular biology},
  volume={14},
  number={9},
  pages={796--806},
  year={2007},
  publisher={Nature Publishing Group}
}

@article{dulin2015backtracking,
  title={Backtracking behavior in viral RNA-dependent RNA polymerase provides the basis for a second initiation site},
  author={Dulin, David and Vilfan, Igor D and Berghuis, Bojk A and Poranen, Minna M and Depken, Martin and Dekker, Nynke H},
  journal={Nucleic acids research},
  volume={43},
  number={21},
  pages={10421--10429},
  year={2015},
  publisher={Oxford University Press}
}

@article{tennyson1995human,
  title={The human dystrophin gene requires 16 hours to be transcribed and is cotranscriptionally spliced},
  author={Tennyson, Christine N and Klamut, Henry J and Worton, Ronald G},
  journal={Nature genetics},
  volume={9},
  number={2},
  pages={184--190},
  year={1995},
  publisher={Nature Publishing Group}
}

@article{singh2009rates,
  title={Rates of in situ transcription and splicing in large human genes},
  author={Singh, Jarnail and Padgett, Richard A},
  journal={Nature structural \& molecular biology},
  volume={16},
  number={11},
  pages={1128--1133},
  year={2009},
  publisher={Nature Publishing Group}
}

@article{plumet2005dynamics,
  title={Dynamics of viral RNA synthesis during measles virus infection},
  author={Plumet, S{\'e}bastien and Duprex, W Paul and Gerlier, Denis},
  journal={Journal of virology},
  volume={79},
  number={11},
  pages={6900--6908},
  year={2005},
  publisher={Am Soc Microbiol}
}

@article{yang2015structures,
  title={Structures of the RNA polymerase-$\sigma$54 reveal new and conserved regulatory strategies},
  author={Yang, Yun and Darbari, Vidya C and Zhang, Nan and Lu, Duo and Glyde, Robert and Wang, Yi-Ping and Winkelman, Jared T and Gourse, Richard L and Murakami, Katsuhiko S and Buck, Martin and others},
  journal={Science},
  volume={349},
  number={6250},
  pages={882--885},
  year={2015},
  publisher={American Association for the Advancement of Science}
}

@article{dulin2015elongation,
  title={Elongation-competent pauses govern the fidelity of a viral RNA-dependent RNA polymerase},
  author={Dulin, David and Vilfan, Igor D and Berghuis, Bojk A and Hage, Susanne and Bamford, Dennis H and Poranen, Minna M and Depken, Martin and Dekker, Nynke H},
  journal={Cell reports},
  volume={10},
  number={6},
  pages={983--992},
  year={2015},
  publisher={Elsevier}
}

@article{bai2004sequence,
  title={Sequence-dependent kinetic model for transcription elongation by RNA polymerase},
  author={Bai, Lu and Shundrovsky, Alla and Wang, Michelle D},
  journal={Journal of molecular biology},
  volume={344},
  number={2},
  pages={335--349},
  year={2004},
  publisher={Elsevier}
}

@article{usala1980displacement,
  title={Displacement of parental RNA strands during in vitro transcription by bacteriophage $\varphi$6 nucleocapsids},
  author={Usala, Stephen J and Brownstein, Bernard H and Haselkorn, Robert},
  journal={Cell},
  volume={19},
  number={4},
  pages={855--862},
  year={1980},
  publisher={Elsevier}
}

@article{kingston1981direct,
  title={A direct effect of guanosine tetraphosphate on pausing of Escherichia coli RNA polymerase during RNA chain elongation.},
  author={Kingston, RE and Nierman, WC and Chamberlin, MJ},
  journal={Journal of Biological Chemistry},
  volume={256},
  number={6},
  pages={2787--2797},
  year={1981},
  publisher={ASBMB}
}

@article{burns1998combinatorial,
  title={Combinatorial effects of NusA and NusG on transcription elongation and rho-dependent termination in Escherichia coli1},
  author={Burns, Christopher M and Richardson, Lislott V and Richardson, John P},
  journal={Journal of molecular biology},
  volume={278},
  number={2},
  pages={307--316},
  year={1998},
  publisher={Elsevier}
}

@article{vogel1995effects,
  title={Effects of the antiterminator BoxA on transcription elongation kinetics and ppGpp inhibition of transcription elongation in Escherichia coli},
  author={Vogel, Ulla and Jensen, Kaj Frank},
  journal={Journal of Biological Chemistry},
  volume={270},
  number={31},
  pages={18335--18340},
  year={1995},
  publisher={ASBMB}
}

@article{guajardo1997model,
  title={A model for the mechanism of polymerase translocation},
  author={Guajardo, Richard and Sousa, Rui},
  journal={Journal of molecular biology},
  volume={265},
  number={1},
  pages={8--19},
  year={1997},
  publisher={Elsevier}
}

@article{richardson1996control,
  title={Control of RNA chain elongation and termination},
  author={Richardson, John P and Greenblatt, Jack},
  journal={Escherichia coli and Salmonella: cellular and molecular biology},
  volume={1},
  pages={822--848},
  year={1996},
  publisher={ASM Press, Washington, DC}
}

@article{beaumont2010approximate,
  title={Approximate Bayesian computation in evolution and ecology},
  author={Beaumont, Mark A},
  journal={Annual review of ecology, evolution, and systematics},
  volume={41},
  pages={379--406},
  year={2010},
  publisher={Annual Reviews}
}

@article{vogel1994rna,
  title={The RNA chain elongation rate in Escherichia coli depends on the growth rate.},
  author={Vogel, Ulla and Jensen, Kaj Frank},
  journal={Journal of bacteriology},
  volume={176},
  number={10},
  pages={2807--2813},
  year={1994},
  publisher={Am Soc Microbiol}
}

@article{ryals1982temperature,
  title={Temperature dependence of RNA synthesis parameters in Escherichia coli.},
  author={Ryals, J and Little, R and Bremer, H},
  journal={Journal of bacteriology},
  volume={151},
  number={2},
  pages={879--887},
  year={1982},
  publisher={Am Soc Microbiol}
}

@article{gillespie1977exact,
  title={Exact stochastic simulation of coupled chemical reactions},
  author={Gillespie, Daniel T},
  journal={The journal of physical chemistry},
  volume={81},
  number={25},
  pages={2340--2361},
  year={1977},
  publisher={ACS Publications}
}


@article{maitra1967role,
  title={The Role of Deoxyribonucleic Acid in Ribonucleic Acid Synthesis XIV. A Study of the Initiation of Ribonucleic Acid Synthesis},
  author={Maitra, Umadas and Nakata, Yozo and Hurwitz, Jerard},
  journal={Journal of Biological Chemistry},
  volume={242},
  number={21},
  pages={4908--4918},
  year={1967},
  publisher={ASBMB}
}

@article{rhodes1974ribonucleic,
  title={Ribonucleic acid chain elongation by Escherichia coli ribonucleic acid polymerase I. Isolation of ternary complexes and the kinetics of elongation},
  author={Rhodes, Gary and Chamberlin, Michael J},
  journal={Journal of Biological Chemistry},
  volume={249},
  number={20},
  pages={6675--6683},
  year={1974},
  publisher={ASBMB}
}

@article{erie1992single,
  title={The single-nucleotide addition cycle in transcription: a biophysical and biochemical perspective},
  author={Erie, Dorothy A and Yager, Thomas D and Von Hippel, Peter H},
  journal={Annual review of biophysics and biomolecular structure},
  volume={21},
  number={1},
  pages={379--415},
  year={1992},
  publisher={Annual Reviews 4139 El Camino Way, PO Box 10139, Palo Alto, CA 94303-0139, USA}
}



@article{csillery2010approximate,
  title={Approximate Bayesian computation (ABC) in practice},
  author={Csill{\'e}ry, Katalin and Blum, Michael GB and Gaggiotti, Oscar E and Fran{\c{c}}ois, Olivier},
  journal={Trends in ecology \& evolution},
  volume={25},
  number={7},
  pages={410--418},
  year={2010},
  publisher={Elsevier}
}

@article{watson1953molecular,
  title={Molecular structure of nucleic acids},
  author={Watson, James D and Crick, Francis HC and others},
  journal={Nature},
  volume={171},
  number={4356},
  pages={737--738},
  year={1953}
}

@article{maoileidigh2011unified,
  title={A unified model of transcription elongation: what have we learned from single-molecule experiments?},
  author={Maoil{\'e}idigh, D{\'a}ibhid {\'O} and Tadigotla, Vasisht R and Nudler, Evgeny and Ruckenstein, Andrei E},
  journal={Biophysical journal},
  volume={100},
  number={5},
  pages={1157--1166},
  year={2011},
  publisher={Elsevier}
}

@article{chen2012ionic,
  title={Ionic strength-dependent persistence lengths of single-stranded RNA and DNA},
  author={Chen, Huimin and Meisburger, Steve P and Pabit, Suzette A and Sutton, Julie L and Webb, Watt W and Pollack, Lois},
  journal={Proceedings of the National Academy of Sciences},
  volume={109},
  number={3},
  pages={799--804},
  year={2012},
  publisher={National Acad Sciences}
}

@article{cocco2002theoretical,
  title={Theoretical models for single-molecule DNA and RNA experiments: from elasticity to unzipping},
  author={Cocco, Simona and Marko, John F and Monasson, R{\'e}mi},
  journal={Comptes Rendus Physique},
  volume={3},
  number={5},
  pages={569--584},
  year={2002},
  publisher={Elsevier}
}

@article{altman2004mechanism,
  title={The mechanism of myosin VI translocation and its load-induced anchoring},
  author={Altman, David and Sweeney, H Lee and Spudich, James A},
  journal={Cell},
  volume={116},
  number={5},
  pages={737--749},
  year={2004},
  publisher={Elsevier}
}

@article{wang1998force,
  title={Force and velocity measured for single molecules of RNA polymerase},
  author={Wang, Michelle D and Schnitzer, Mark J and Yin, Hong and Landick, Robert and Gelles, Jeff and Block, Steven M},
  journal={Science},
  volume={282},
  number={5390},
  pages={902--907},
  year={1998},
  publisher={American Association for the Advancement of Science}
}

@article{bai2007mechanochemical,
  title={Mechanochemical kinetics of transcription elongation},
  author={Bai, Lu and Fulbright, Robert M and Wang, Michelle D},
  journal={Physical review letters},
  volume={98},
  number={6},
  pages={068103},
  year={2007},
  publisher={APS}
}

@article{galburt2009single,
  title={Single molecule transcription elongation},
  author={Galburt, Eric A and Grill, Stephan W and Bustamante, Carlos},
  journal={Methods},
  volume={48},
  number={4},
  pages={323--332},
  year={2009},
  publisher={Elsevier}
}

@article{voss20103v,
  title={3V: cavity, channel and cleft volume calculator and extractor},
  author={Voss, Neil R and Gerstein, Mark},
  journal={Nucleic acids research},
  volume={38},
  number={suppl\_2},
  pages={W555--W562},
  year={2010},
  publisher={Oxford University Press}
}

@article{skinner2004promoter,
  title={Promoter binding, initiation, and elongation by bacteriophage T7 RNA polymerase a single-molecule view of the transcription cycle},
  author={Skinner, Gary M and Baumann, Christoph G and Quinn, Diana M and Molloy, Justin E and Hoggett, James G},
  journal={Journal of Biological Chemistry},
  volume={279},
  number={5},
  pages={3239--3244},
  year={2004},
  publisher={ASBMB}
}

@article{hodges2009nucleosomal,
  title={Nucleosomal fluctuations govern the transcription dynamics of RNA polymerase II},
  author={Hodges, Courtney and Bintu, Lacramioara and Lubkowska, Lucyna and Kashlev, Mikhail and Bustamante, Carlos},
  journal={Science},
  volume={325},
  number={5940},
  pages={626--628},
  year={2009},
  publisher={American Association for the Advancement of Science}
}

@article{adelman2002single,
  title={Single molecule analysis of RNA polymerase elongation reveals uniform kinetic behavior},
  author={Adelman, Karen and La Porta, Arthur and Santangelo, Thomas J and Lis, John T and Roberts, Jeffrey W and Wang, Michelle D},
  journal={Proceedings of the National Academy of Sciences},
  volume={99},
  number={21},
  pages={13538--13543},
  year={2002},
  publisher={National Acad Sciences}
}

@article{davenport2000single,
  title={Single-molecule study of transcriptional pausing and arrest by E. coli RNA polymerase},
  author={Davenport, R John and Wuite, Gijs JL and Landick, Robert and Bustamante, Carlos},
  journal={Science},
  volume={287},
  number={5462},
  pages={2497},
  year={2000},
  publisher={The American Association for the Advancement of Science}
}



@article{renshaw2000identification,
  title={Identification and phylogenetic comparison of Salem virus, a novel paramyxovirus of horses},
  author={Renshaw, Randall W and Glaser, Amy L and Van Campen, Hana and Weiland, Frank and Dubovi, Edward J},
  journal={Virology},
  volume={270},
  number={2},
  pages={417--429},
  year={2000},
  publisher={Elsevier}
}

@article{alayyoubi2015structure,
  title={Structure of the paramyxovirus parainfluenza virus 5 nucleoprotein--RNA complex},
  author={Alayyoubi, Maher and Leser, George P and Kors, Christopher A and Lamb, Robert A},
  journal={Proceedings of the National Academy of Sciences},
  volume={112},
  number={14},
  pages={E1792--E1799},
  year={2015},
  publisher={National Acad Sciences}
}


